2566 3886
359 2620 428 2665 19.

1165 295 1218 301 —
1254 270 1431 315 256—

507 399 830 445 Amazonides
876 415 997 454 quae
1043 400 1314 453 lavantur’';
1362 401 1534 446 deinde
1580 401 1655 446 vir
1701 402 1996 448 doctissimus
2041 404 2224 449 confert

506 496 650 550 Verg.
684 497 770 549 ΙΙΙ,
803 496 911 541 641:

507 607 615 636 nam
648 592 797 645 qualis
828 601 1124 646 quantusque
1156 606 1274 636 cavo
1306 591 1627 645 Polyphemus
1659 592 1706 637 in
1738 602 1872 638 antro

504 687 730 740 lanigeras
762 687 969 741 pecudes
1001 695 1140 740 atque
1171 686 1319 731 ubera
1349 695 1541 740 pressat,

505 792 695 827 centum
727 782 802 827 alii
835 797 982 827 curva
1017 783 1134 827 haec
1166 782 1373 827 habitant
1405 784 1463 828 ad
1495 783 1629 828 litora
1659 785 1799 837 vulgo

501 878 681 923 infandi
713 877 951 931 Cyclopes
983 886 1029 923 et
1059 878 1160 923 altis
1192 878 1429 924 montibus
1461 888 1631 924 errant.

502 973 594 1019 Sed
642 989 769 1018 nunc
816 988 924 1018 cum
973 974 1279 1019 Lachmanno
1325 983 1452 1028 rogo,
1484 990 1598 1019 num
1644 984 1781 1028 poeta
1812 976 1927 1020 haec
1959 975 2046 1020 sibi
2078 976 2217 1021 velit:

506 1069 731 1114 Polucem
779 1077 826 1113 et
871 1068 1119 1114 Castorem
1167 1069 1214 1113 in
1264 1069 1468 1114 Eurotae
1515 1069 1650 1114 litore
1680 1070 1799 1114 lotos
1831 1085 1947 1123 esse,
1981 1070 2217 1116 Helenam

501 1165 623 1210 inter
653 1164 907 1209 lavandum
939 1179 1069 1209 arma
1100 1164 1366 1217 sumpsisse.

501 1261 752 1306 Praeterea
782 1269 910 1305 recte
942 1260 1161 1306 observat
1207 1260 1480 1305 Kraffertius
1516 1258 1756 1318 (Beitrage
1795 1276 1839 1314 p.
1890 1258 2029 1319 145):
2077 1277 2214 1314 „man

499 1356 636 1401 weiss
683 1356 812 1400 nicht
848 1357 994 1409 recht,
1026 1371 1207 1400 warum
1240 1357 1410 1409 gerade
1442 1356 1524 1400 das
1557 1355 1718 1401 Baden
1751 1356 1837 1400 der
1867 1356 2214 1409 kriegerischen

498 1451 780 1503 Amazonen
827 1467 889 1496 zu
935 1451 1285 1504 Vergleichung
1322 1452 1677 1504 herangezogen
1708 1452 1873 1504 wird'’,
1905 1460 1983 1497 aut
2014 1449 2079 1510 (si
2110 1452 2215 1506 quis

499 1547 767 1592 Housmani
784 1547 1144 1599 disputationem
1162 1546 1294 1600 sequi
1307 1544 1524 1604 mavult),
1549 1562 1614 1592 cu
1626 1563 1650 1592 r
1667 1556 1805 1600 poeta
1817 1548 1907 1592 hoc
1921 1536 2213 1601 potissimum

497 1644 558 1687 de
589 1642 916 1687 Amazonibus
949 1658 980 1687 n
998 1651 1195 1695 arret‚
1228 1657 1306 1687 eas
1337 1643 1497 1694 lavari,
1530 1658 1625 1687 non
1657 1651 1862 1697 apparet.

496 1737 660 1783 Scribo
678 1738 815 1791 igitur
831 1753 940 1783 cum
973 1738 1142 1783 eodem
1176 1737 1423 1782 Kraffertio
1455 1735 1594 1796 (1.l.):
1626 1739 1847 1783 levatur
1878 1738 2052 1791 equis,
2083 1740 2212 1792 quod

495 1833 688 1886 propius
704 1833 835 1878 abest
851 1849 878 1877 a
894 1833 1052 1878 verbis
1078 1833 1256 1878 traditis
1273 1847 1415 1886 quam
1439 1832 1627 1878 Heinsii
1645 1833 1785 1878 illud:
1809 1842 2039 1887 vagetur
2054 1834 2209 1887 agris.

497 1927 625 1974 Cum
651 1937 807 1973 tamen
831 1928 969 1973 lectio
999 1927 1044 1974 Ο
1077 1929 1365 1974 lavantur
1396 1928 1670 1982 exquisitior
1701 1928 1759 1973 sit
1780 1943 1920 1982 quam
1955 1929 2210 1974 lavatur

495 2024 623 2077 quod
671 2024 718 2068 in
767 2023 861 2068 FN
909 2024 1088 2077 legitur,
1126 2031 1172 2068 et
1205 2023 1291 2075 III,
1327 2023 1395 2067 17.
1427 2022 1485 2068 28
1516 2024 1633 2068 haec
1664 2023 1988 2069 inveniantur:
2021 2032 2211 2076 „potant

494 2118 651 2164 Naxia
680 2117 816 2164 turba
841 2119 1070 2171 merum’',
1099 2134 1194 2163 non
1226 2119 1494 2170 levatur,
1523 2119 1606 2163 sed
1635 2119 1931 2163 levantur
1957 2118 2207 2172 legendum

492 2229 678 2259 censeo.
697 2214 840 2266 Quod
858 2222 1013 2259 autem
1030 2214 1205 2268 aliquid
1223 2215 1284 2259 de
1302 2213 1491 2258 Helena
1505 2212 1537 2267 ¹)
1554 2213 1684 2258 addit
1698 2222 1849 2266 poeta,
1881 2229 2002 2268 quae
2033 2222 2079 2259 et
2109 2213 2209 2268 ipsa

491 2310 646 2362 puella
694 2308 930 2354 Laconica
966 2317 1049 2361 est,
1082 2309 1173 2353 hoc
1205 2309 1270 2353 sic
1302 2308 1500 2361 explico,
1533 2317 1584 2353 ut
1614 2308 1799 2353 duobus
1831 2308 2058 2362 exemplis
2089 2309 2207 2354 datis

491 2413 657 2457 sponte
689 2405 863 2456 redeat,
895 2404 1023 2449 unde
1055 2404 1191 2449 abiit:
1223 2404 1402 2457 puellas
1420 2403 1676 2448 Laconicas
1692 2403 1913 2448 liberiore
1929 2404 2207 2449 educatione

490 2499 667 2544 institui
698 2514 840 2553 quam
874 2498 1124 2544 Romanas.

490 2622 612 2667 inter
647 2637 766 2675 quos
799 2621 989 2667 Helene
1020 2622 1159 2666 nudis
1190 2636 1359 2674 capere
1390 2636 1520 2666 arma
1551 2621 1732 2674 papillis

490 2717 816 2770 Baehrensius,
846 2717 926 2770 qui
970 2716 1046 2761 hic
1090 2715 1391 2769 Neapolitani
1421 2716 1609 2761 lectioni
1640 2716 1923 2769 papillis
1955 2731 2087 2760 more
2118 2731 2204 2762 suo

489 2813 706 2864 praetulit
728 2813 775 2857 id
798 2813 926 2866 quod
950 2822 1020 2857 est
1058 2813 1105 2857 in
1139 2811 1184 2857 Ο
1217 2827 1243 2856 c
1260 2827 1287 2856 a
1303 2811 1510 2864 pillis,
1543 2826 1629 2863 pro
1660 2827 1691 2855 n
1708 2827 1739 2856 u
1756 2811 1858 2856 dis
1890 2812 2107 2857 conicere
2129 2826 2203 2857 co-

488 2907 607 2961 gitur
628 2908 653 2951 f
663 2908 677 2952 1
694 2923 725 2952 u
742 2907 756 2952 i
774 2908 805 2951 d
821 2907 835 2952 i
850 2922 871 2952 s
886 2922 897 2960 3
915 2907 1049 2952 vides
1066 2907 1141 2951 hic
1156 2921 1346 2960 quoque
1363 2906 1729 2958 Neapolitanum
1746 2921 1914 2951 verum
1931 2904 2202 2964 servasse2).

488 3002 662 3056 Neque
680 3017 904 3055 spernere
935 3002 1163 3047 debuerat
1195 3001 1495 3053 Neapolitani
1526 3001 1775 3046 lectionem
1808 3017 1833 3046 c
1850 3017 1877 3046 a
1893 3016 1924 3053 p
1940 3017 1967 3046 e
1983 3017 2007 3046 r
2023 3017 2050 3046 e
2081 3017 2202 3055 quae

486 3097 715 3149 optimum
760 3097 953 3149 praebet
999 3111 1215 3149 sensum3
1263 3105 1373 3141 tunc
1420 3111 1514 3141 non
1564 3111 1682 3150 opus
1713 3096 1875 3141 fuisset
1905 3111 1991 3149 pro
2023 3096 2201 3142 vitiosis

487 3191 764 3236 lectionibus
810 3191 850 3235 F
894 3200 939 3236 et
983 3192 1105 3236 DV:
1137 3200 1237 3236 est
1267 3200 1530 3243 armata,
1562 3201 1812 3236 armata
1843 3207 1901 3236 ex
1933 3192 2200 3237 coniectura

486 3301 518 3330 v
535 3301 560 3330 e
578 3301 601 3330 r
617 3301 639 3330 s
655 3301 682 3331 a
698 3295 715 3330 t
732 3301 759 3331 a
789 3285 1009 3331 scribere.

402 3402 427 3447 ¹)

399 3461 426 3507 ¹)

475 3406 549 3440 vid.
577 3406 802 3440 Lachmanni
829 3407 1120 3441 adnotationem.

476 3466 522 3499 ci.
547 3465 613 3506 IV,
639 3465 673 3507 3,
699 3465 743 3500 43
769 3466 858 3499 felix
885 3465 1118 3507 Hippolyte!
1144 3466 1240 3500 nuda
1267 3466 1350 3500 tulit
1376 3477 1477 3500 nrm·
1505 3467 1650 3506 papilla.
