2566 3886
340 1232 412 1278 53.

1138 278 1195 287 -—
1231 253 1315 300 162
1346 279 1405 286 —-

478 384 772 431 Rothsteinio
804 384 1096 431 Phillimorio
1127 386 1331 431 reicitur.
1366 385 1479 430 Ellis
1499 382 1540 443 l)
1571 385 1698 431 enim
1730 385 1895 439 Argo
1924 400 2007 440 pro
2033 385 2191 431 dativo

477 481 681 526 nominis
728 480 905 534 proprii
955 481 1113 534 Argus
1154 481 1308 534 habet,
1347 481 1428 534 qui
1465 481 1714 526 fabricator
1760 481 1930 535 puppis
1975 490 2074 527 erat
2104 479 2189 539 (cf.

474 577 633 629 Apoll.
668 576 823 621 Rhod.
855 576 970 630 Arg.
1006 574 1146 635 l.18).

472 670 564 716 Sed
582 671 619 715 si
636 680 774 724 poeta
790 673 906 717 haec
923 672 1081 717 dicere
1102 672 1326 718 voluisset
1343 688 1354 717 ε
1373 672 1536 725 „navis
1552 673 1650 717 dux
1666 681 1765 717 erat
1781 671 2000 717 columba
2015 671 2191 726 Argo“,

477 766 682 821 genitivo
713 767 831 821 Argi
863 782 975 813 usus
1006 776 1141 820 esset,
1173 783 1269 820 quo
1300 767 1548 813 fabricator
1569 766 1736 812 melius
1757 766 2036 820 significatus
2052 775 2194 820 esset3

480 878 607 908 nunc
638 862 797 916 Argus
826 864 937 916 dux,
970 878 1065 909 non
1097 863 1349 908 fabricator
1375 878 1477 908 esse
1506 862 1706 908 videtur.

475 958 603 1012 Lego
650 958 787 1011 igitur
831 974 855 1002 r
872 974 903 1003 ιι
920 959 951 1003 d
968 959 1020 1003 is
1066 958 1116 1004 A
1131 974 1155 1003 r
1170 967 1198 1012 g
1214 974 1245 1004 u
1263 973 1297 1004 s.
1346 958 1480 1004 Idem
1527 958 1693 1003 vitium
1725 957 1921 1011 reperiri
1953 957 2000 1002 in
2036 956 2190 1011 Priap.

477 1053 549 1099 67.
585 1053 607 1098 1
644 1062 887 1107 praeterea
918 1054 1137 1100 observat
1170 1053 1378 1099 Mueller
1408 1053 1570 1106 (praef.
1603 1053 1677 1098 ed.
1709 1068 1754 1106 p.
1786 1052 1990 1104 XXXI).

474 1231 635 1277 Crede
667 1232 796 1284 mihi,
828 1232 965 1277 nobis
996 1233 1207 1278 mitescet
1239 1231 1405 1285 Scylla,
1438 1246 1526 1277 nec
1558 1246 1783 1285 umquam

626 1328 883 1372 alternante
914 1342 1087 1372 vorans
1118 1336 1248 1372 vasta
1279 1326 1549 1380 Charybdis
1580 1341 1714 1380 aqua.

475 1422 561 1467 Vo
572 1437 698 1467 rans
730 1423 859 1476 quod
896 1423 995 1467 fere
1031 1437 1197 1467 omnes
1229 1422 1433 1467 editores
1463 1422 1750 1467 recentiores
1780 1421 2019 1475 corrigunt
2048 1420 2193 1473 Paley

475 1527 521 1563 et
552 1518 839 1563 Phillemore
871 1518 1095 1563 intactum
1127 1518 1413 1572 relinquunt,
1431 1532 1634 1571 quorum
1667 1517 1743 1562 ille
1775 1532 1807 1561 ιι
1823 1531 1889 1561 ec
1919 1532 1951 1561 u
1965 1532 1996 1561 n
2012 1531 2043 1569 q
2057 1531 2089 1561 u
2105 1530 2192 1561 am

474 1613 505 1658 S
518 1627 544 1657 c
559 1613 688 1665 ylla
724 1629 756 1657 v
770 1628 798 1657 o
813 1628 837 1657 r
850 1628 877 1657 a
890 1628 921 1656 n
936 1628 958 1657 s
995 1628 1103 1657 cum
1123 1611 1440 1665 Hertzbergio
1456 1611 1681 1664 explicat:
1698 1621 1744 1656 et
1761 1610 1914 1664 Scylla
1929 1609 2193 1670 (mitescet)

479 1723 721 1761 nunquam
768 1722 940 1752 vorans
987 1722 1049 1752 sc.
1094 1722 1239 1752 naves
1273 1716 1403 1752 aestu
1435 1707 1706 1752 absorbens.
1738 1706 2081 1760 Unusquisque
2112 1707 2194 1761 qui

478 1805 594 1848 haec
640 1803 761 1856 legit,
808 1802 1025 1856 cogitabit
1071 1812 1256 1855 poetam
1304 1803 1364 1847 de
1411 1802 1565 1855 Scylla
1610 1803 1769 1848 dicere
1814 1818 1918 1848 eam
1950 1817 2192 1857 nunquam

478 1913 624 1943 naves
687 1898 961 1951 absorbere;
1023 1913 1338 1951 nunquam
1384 1913 1610 1943 vorans
1655 1883 1868 1943 navem
1915 1907 2192 1943 nostram

478 1994 698 2047 supplere
728 1993 1031 2038 durissimum
1063 2002 1147 2038 est.
1179 1992 1342 2038 Scribe
1374 1993 1511 2047 igitur
1526 2009 1635 2039 cum
1652 1994 1959 2046 Ayrmanno:
1977 2008 2193 2040 vacans.

479 2088 574 2133 Pro
606 2104 652 2133 m
668 2088 682 2133 i
696 2097 713 2133 t
726 2104 753 2133 e
767 2104 789 2133 s
802 2104 864 2133 ce
877 2098 894 2133 t
912 2088 1225 2134 Baehrensius
1239 2089 1416 2142 recepit
1432 2089 1681 2134 lectionem
1706 2089 1809 2134 DV
1819 2089 1883 2134 L:
1906 2104 1952 2134 m
1962 2097 2194 2142 utescet3

479 2184 562 2228 sed
595 2199 709 2228 vera
740 2192 809 2228 est
840 2184 1106 2229 observatio
1140 2184 1408 2229 Housmani
1439 2181 1493 2242 (J
1498 2184 1584 2229 Ph.
1615 2184 1737 2229 XXI
1770 2200 1814 2237 p.
1836 2182 1961 2243 188),
1979 2185 2016 2230 si
2040 2184 2195 2238 Scylla

480 2288 722 2331 mutescat,
754 2293 859 2323 eam
891 2279 1030 2323 etiam
1063 2279 1447 2331 periculosiorem
1479 2280 1578 2325 fore
1609 2295 1750 2334 quam
1782 2288 1930 2325 antea.

1023 2594 1279 2641 ELEGIA
1309 2594 1458 2640 XXV
1460 2594 1522 2639 ΙΙ.

348 2729 390 2774 5.
407 2728 449 2774 6.
482 2727 530 2773 Si
563 2742 729 2773 versus
761 2727 788 2772 5
810 2736 856 2772 et
872 2725 901 2771 6
917 2741 1026 2771 cum
1043 2725 1434 2779 praecedentibus
1450 2725 1789 2778 coniungimus,
1806 2733 1857 2769 ut
1874 2723 2196 2769 Rothsteinius

478 2824 592 2876 vult,
638 2822 829 2875 pluralis
872 2822 1052 2875 primae
1095 2836 1324 2874 personae
1368 2820 1695 2874 sequimur
1734 2828 1839 2872 post
1879 2819 2195 2874 quaeritis

481 2917 759 2963 durissimus
790 2926 874 2962 est.
1939 2899 1947 2905 ⁸

481 3012 611 3058 Olim
643 3013 780 3066 igitur
810 3012 869 3057 ab
902 3011 1027 3056 Italis
1065 3011 1392 3063 sequimur
1429 3011 1477 3055 in
1515 3008 1872 3068 sequitur2)
1904 3007 1994 3068 (sc.
2026 3007 2196 3068 homo)

482 3116 711 3153 mutatum
757 3115 840 3151 est.
888 3105 980 3151 Sed
1027 3122 1088 3151 ne
1134 3106 1201 3151 sic
1250 3105 1443 3159 quidem
1490 3105 1656 3150 vitium
1703 3105 1891 3158 tollitur,
1937 3120 2046 3150 nam
2087 3119 2195 3150 seu

476 3202 748 3255 pedibus
793 3201 1089 3255 sequitur
1131 3215 1227 3246 non
1285 3215 1312 3245 a
1354 3208 1648 3253 pentametro
1699 3200 1727 3244 4
1781 3201 1969 3253 pendet,
2013 3199 2097 3244 sed
2135 3199 2195 3244 ab

484 3297 771 3342 hexametro.

394 3390 425 3436 ¹)
475 3394 588 3429 Univ.
614 3393 713 3429 Coll.
739 3394 834 3434 prol.
861 3394 1009 3428 dissert.
1041 3393 1142 3428 1872.
1167 3393 1224 3427 73.

390 3450 423 3495 ²)
473 3452 532 3487 Sic
558 3464 703 3494 quoquc
729 3454 859 3487 scribit
887 3453 1060 3488 Mueller.
