2566 3886
345 681 416 727 49.

1138 264 1403 309 —125—

477 411 611 450 aqua,
642 411 764 449 quae
794 395 1072 441 adverbium
1119 412 1194 450 qu
1209 411 1236 440 a
1282 411 1389 441 cum
1437 395 1496 440 in
1544 411 1575 439 v
1589 410 1615 440 a
1630 411 1660 439 n
1675 411 1705 440 u
1720 411 1766 440 m
1809 395 2060 449 coniungit,
2078 396 2192 441 mihi

479 491 831 545 elegantissima,
863 492 946 536 sed
977 491 1172 536 fortasse
1204 506 1299 536 non
1332 491 1594 536 necessaria
1625 491 1826 536 videtur.

477 682 634 727 Versu
696 681 1210 735 undequinquagesimo
1270 696 1379 727 cum
1431 681 1633 727 Heinsio
1701 697 1786 734 pro
1848 691 1865 726 t
1881 691 1989 727 oto
2053 691 2191 728 moto

479 778 633 831 legere
665 786 758 822 tam
790 776 952 822 inutile
985 777 1187 829 videtur,
1219 791 1360 830 quam
1385 776 1607 822 Muelleri
1626 778 1919 823 coniectura:
1952 779 2195 824 numinis

480 873 572 918 ira
614 874 775 918 calet
818 873 1066 918 invenusta
1106 881 1188 918 est.

1199 1003 1339 1010 ᾗ

1048 1157 1302 1203 ELEGIA
1333 1157 1495 1203 XVII.

481 1289 556 1334 De
616 1289 707 1333 hoc
764 1287 972 1333 carmine
1018 1297 1064 1333 et
1109 1303 1168 1332 eo
1213 1289 1342 1341 quod
1388 1288 1600 1340 sequitur
1645 1289 1735 1333 viri
1778 1290 1903 1334 docti
1950 1291 2196 1343 opiniones

479 1384 774 1438 protulerunt
834 1392 927 1428 tam
991 1384 1214 1436 diversas,
1262 1393 1312 1429 ut
1358 1397 1532 1435 operae
1579 1384 1782 1436 pretium
1830 1400 1932 1430 esse
1980 1386 2197 1432 videatur

483 1489 698 1533 statuere,
743 1480 969 1533 quidnam
1016 1480 1116 1533 ipse
1164 1480 1436 1533 Propertius
1468 1480 1717 1533 scripserit.
1750 1480 1879 1525 Nam
1912 1489 1963 1526 ut
1994 1496 2053 1526 ex
2084 1482 2198 1527 viris

484 1575 800 1629 Propertianis
832 1577 951 1621 duos
979 1575 1291 1628 nominemus,
1309 1576 1555 1622 Vahlenus
1578 1585 1624 1621 et
1642 1576 1977 1629 Rothsteinius,
1996 1586 2195 1630 uterque

485 1670 800 1724 manuscripta
844 1670 983 1715 anxie
1028 1685 1246 1723 sequens,
1285 1670 1333 1715 in
1365 1671 1650 1716 carminibus
1682 1671 1961 1716 definiendis
1994 1672 2198 1717 immane

484 1774 710 1818 quantum
743 1765 865 1809 inter
895 1780 998 1810 sese
1030 1765 1270 1810 differunt.
1299 1766 1347 1810 A
1368 1781 1463 1819 quo
1479 1781 1621 1811 versu
1638 1767 1785 1820 elegia
1801 1775 1959 1811 nostra
1975 1767 2199 1820 incipiet?

486 1860 807 1905 Rothsteinius
849 1874 1015 1905 versus
1061 1860 1175 1904 1-4
1206 1861 1351 1913 priori
1382 1861 1578 1906 carmini
1610 1861 1753 1914 addit,
1785 1862 1913 1914 quod
1946 1862 2099 1915 primo
2130 1877 2198 1907 as-

486 1964 625 2008 pectu
671 1955 876 2008 speciem
924 1955 1130 2000 veritatis
1177 1956 1342 2009 haben
1382 1971 1538 2009 neque
1570 1966 1726 2002 tamen
1758 1972 1867 2002 eum
1901 1959 2197 2010 sequendum

486 2064 589 2095 esse
620 2064 806 2095 censeo.
827 2048 862 2107 ¹)
892 2050 1074 2096 Versus
1105 2049 1176 2096 55.
1208 2050 1266 2096 56
1297 2052 1423 2097 enim

604 2160 750 2198 quare
781 2160 842 2191 ne
873 2146 955 2191 tibi
987 2146 1044 2191 sit
1075 2147 1188 2192 tanti
1220 2146 1411 2192 Sidonia
1442 2147 1599 2200 vestis,

720 2250 770 2286 ut
799 2241 978 2293 timeas,
1010 2243 1228 2294 quotiens
1261 2243 1449 2288 nubilus
1481 2252 1637 2288 auster
1667 2244 1756 2288 erit

483 2335 768 2388 lepidissime
799 2337 1024 2381 claudunt
1053 2346 1201 2382 totum
1234 2338 1390 2383 locum
1417 2338 1477 2384 de
1509 2339 1718 2384 vestibus
1747 2348 1793 2384 et
1809 2340 2062 2393 smaragdis
2079 2356 2200 2393 quae

484 2429 693 2483 Cynthia
723 2431 849 2475 dono
880 2431 1060 2485 accepit
1090 2447 1117 2476 a
1148 2432 1293 2477 divite
1325 2441 1556 2485 praetore.

486 2524 533 2570 Si
550 2525 654 2578 quis
670 2540 778 2570 cum
799 2525 1094 2571 Rothsteinio
1111 2526 1315 2579 primum
1328 2527 1560 2573 distichon
1575 2539 1761 2575 nostrae
1777 2531 1952 2585 elegiae
1969 2532 2200 2584 superiori

487 2620 635 2673 addit,
667 2621 738 2666 vis
770 2621 860 2666 loci
892 2621 1062 2666 misere
1092 2623 1446 2675 pessumdatum
1479 2623 1593 2676 quid
1626 2625 1794 2670 enim?

489 2714 678 2760 Horum
710 2724 795 2769 ego
826 2731 930 2761 sum
963 2725 1107 2769 vateS,
1138 2718 1355 2770 quotiens
1389 2719 1601 2765 desertus
1633 2735 1813 2766 amaras

604 2811 791 2863 explevi
817 2820 992 2864 noctes,
1024 2812 1195 2857 stactus
1227 2821 1428 2866 utroque
1458 2824 1576 2867 toro,

486 2919 581 2949 non
613 2906 673 2949 de
704 2914 833 2950 certo
864 2921 975 2951 casu
1006 2907 1219 2952 adhiberi
1251 2918 1447 2960 possunt
1477 2910 1606 2962 quod
1641 2910 1887 2955 Rothstein
1931 2913 2032 2957 vult
2077 2909 2199 2969 (vid.

473 2999 573 3044 eius
604 3000 975 3046 annotationem:
1009 3002 1227 3046 horum
1266 3004 1373 3056 geht
1418 3004 1498 3049 aui
1543 3004 1636 3049 den
1689 3014 1869 3058 ganzen
1918 3006 2071 3051 Inhalt
2117 3008 2201 3051 des

489 3095 885 3148 vohergehenden
917 3110 1012 3140 von
1045 3111 1090 3140 v.
1124 3094 1233 3154 47);
1266 3097 1314 3141 in
1346 3098 1622 3143 universum
1654 3099 1862 3151 loquitur
1892 3109 2054 3153 poeta;
2087 3101 2200 3146 novi

490 3189 709 3233 carminis
746 3189 877 3234 initio
919 3190 1094 3242 optime
1126 3205 1176 3234 se
1207 3191 1395 3243 habent,
1430 3207 1539 3237 nam
1571 3201 1821 3247 antequam
1853 3209 1959 3239 suas
1991 3195 2200 3240 miserias

491 3297 681 3328 narrare
712 3283 887 3336 incipit,
931 3283 1116 3329 duobus
1160 3285 1311 3330 modis
1358 3286 1406 3330 in
1456 3287 1731 3333 universum
1778 3288 1985 3342 loquitur
2028 3291 2088 3334 de
2119 3290 2201 3334 im-

407 3434 432 3479 ι)

481 3438 526 3471 os.
552 3438 638 3479 Ites,
665 3438 722 3472 De
748 3434 858 3479 Prop.
884 3440 975 3481 eleg.
1002 3439 1097 3473 inter
1123 3451 1162 3474 se
1188 3441 1351 3482 conexis,
1377 3453 1411 3482 p.
1434 3442 1490 3476 33.
