2566 3886
365 2590 434 2636 10.

1159 249 1427 296 -306-

501 382 685 427 Verum
707 379 747 440 ¹)
799 382 891 427 iam
939 383 1086 427 multo
1139 391 1246 427 ante
1295 383 1476 427 invenit
1522 382 1761 428 Polsterus
1807 380 2026 441 (Quaest.
2074 384 2215 439 Prop.

500 478 740 530 specimen
773 493 817 530 p.
851 475 903 535 7)
936 478 1017 531 qui
1049 493 1135 530 pro
1166 478 1354 523 iteratos
1386 478 1680 523 mitratos
1712 478 1925 531 coniecit,
1958 480 2040 524 sed
2073 494 2214 524 nemo

499 573 573 617 vir
615 573 781 617 doctus
825 573 869 617 ei
901 573 1205 626 adstipulatus
1237 582 1319 617 est.
1353 572 1481 618 Cum
1513 581 1669 618 autem
1701 573 1947 619 videamus
1978 589 2216 629 quamque

498 676 683 721 gentem
723 666 1018 726 (Sericus,
1051 668 1264 721 Getae,
1298 666 1661 726 Britannia)
1692 669 1783 714 hoc
1814 669 1918 714 loco
1950 684 2087 714 suum
2119 670 2215 724 epi-

498 763 659 807 theton
701 763 891 815 habere,
923 778 1019 808 non
1051 763 1262 815 ineptum
1295 763 1484 808 videtur
1516 745 1724 808 Orientis
1756 779 1945 818 quoque
1977 764 2216 818 epitheton

498 859 742 911 proprium
775 858 1043 912 requirere:
1076 859 1166 902 hoc
1198 866 1354 902 autem
1388 857 1626 903 Polsterus
1644 858 1758 903 mihi
1775 859 2012 905 invenisse
2028 859 2216 905 videtur

498 954 776 1007 comparatis
807 955 912 999 loco
944 953 1253 1007 Propertiano
1287 954 1372 1006 IV,
1406 953 1446 1006 7,
1478 953 1560 999 63:

651 1049 942 1103 mitratisque
973 1057 1139 1094 sonant
1172 1048 1326 1101 Lydia
1356 1049 1533 1101 plectra
1563 1049 1718 1094 choris

497 1154 543 1190 et
577 1145 791 1190 Pliniano
821 1144 910 1196 VI,
942 1143 1024 1189 28:
1057 1144 1228 1189 mitrati
1260 1144 1460 1189 Arabes.

496 1308 542 1344 te
574 1301 717 1345 modo
749 1299 956 1344 munitus
993 1310 1030 1349 «Ι-
1066 1299 1254 1344 hericus
1285 1299 1430 1344 hostis
1462 1314 1586 1352 equo

498 1393 573 1439 Sic
605 1409 771 1439 versus
802 1394 968 1447 legitur
1000 1395 1047 1439 in
1080 1394 1296 1447 NFLV;
1329 1394 1375 1439 D
1408 1394 1548 1439 habet
1579 1394 1897 1439 hernicus.

499 1489 785 1534 Munitus
817 1490 908 1534 iam
942 1490 1124 1534 dudum
1150 1490 1420 1534 emendavit
1444 1489 1702 1534 Beroaldus
1734 1489 1945 1534 munito
1983 1488 2213 1542 scribens3

497 1600 584 1637 pro
628 1594 849 1638 corrupto
881 1586 1105 1630 hericus
1137 1586 1397 1630 Beroaldus
1429 1585 1667 1638 Sericus,
1700 1585 1899 1630 Iacobus
1931 1584 2214 1630 Neuricus

496 1681 752 1733 proposuit,
785 1682 913 1734 quod
947 1681 1290 1734 Hertzbergius
1321 1681 1570 1733 assumpsit
1601 1679 1737 1725 Seres
1768 1680 1929 1724 mitem
1961 1688 2008 1724 et
2024 1680 2213 1724 mollem

497 1776 641 1821 vitam
675 1776 870 1829 degisse,
902 1791 1058 1830 neque
1091 1776 1299 1830 equitatu
1330 1776 1503 1820 ferrato
1535 1775 1810 1820 excelluisse
1841 1783 1981 1820 ratus.

498 1869 590 1916 Sed
625 1871 746 1916 Hor.
779 1870 838 1916 C.
871 1871 958 1915 ΙΙΙ.
992 1870 1063 1916 29.
1097 1871 1284 1925 25sqq.:

790 1975 841 2010 tu
874 1966 1110 2011 civitatem
1143 1967 1249 2020 quis
1280 1967 1445 2011 deceat
1476 1974 1619 2010 status

790 2077 927 2106 curas
959 2070 1005 2106 et
1036 2061 1143 2107 urbi
1175 2061 1397 2106 sollicitus
1428 2061 1578 2113 timeS‚

908 2157 1023 2210 quid
1056 2156 1193 2202 Seres
1224 2165 1271 2201 et
1300 2165 1489 2210 regnata
1520 2155 1653 2208 Cyro

1027 2252 1193 2297 Bactra
1224 2260 1389 2305 parent
1419 2251 1686 2304 Tanaisque
1723 2251 1900 2295 discors

496 2347 714 2392 Beroaldi
746 2347 1064 2392 emendationi
1096 2347 1300 2391 maxime
1330 2347 1471 2399 favet,
1504 2361 1625 2399 quae
1654 2354 1699 2390 et
1715 2354 1814 2390 arte
1830 2344 2212 2398 palaeographica

496 2442 640 2495 magis
672 2443 1031 2486 commendatur
1063 2457 1204 2495 quam
1238 2441 1396 2486 Iacobi
1428 2441 1711 2486 coniectura.

496 2590 645 2635 Ustus
677 2599 723 2634 et
756 2589 856 2635 an
887 2590 1091 2635 discolor
1123 2590 1269 2634 Indus
1300 2604 1422 2643 aqua

495 2685 691 2730 Ustus
724 2685 1006 2730 discolor
1038 2700 1064 2729 a
1098 2685 1404 2729 Lachmanno
1435 2683 1704 2728 defenditur
1735 2683 1806 2728 his
1839 2683 2090 2736 exemplis:

499 2780 592 2825 Ov.
627 2780 746 2824 Her.
782 2780 851 2832 ll,
884 2780 967 2824 41:

495 2873 569 2918 A!
602 2875 802 2920 nimium
834 2875 976 2920 vivax
1006 2875 1205 2920 admotis
1237 2875 1402 2920 restitit
1433 2874 1582 2919 infans

645 2970 843 3023 ignibus,
876 2979 921 3015 et
952 2979 1161 3015 tectus
1193 2979 1365 3015 tutus
1396 2970 1455 3014 ab
1487 2971 1620 3014 hoste
1650 2970 1749 3022 fuit,

494 3066 577 3109 sed
625 3065 727 3109 iure
759 3080 1014 3117 reposuere
1046 3065 1332 3110 recentiores
1364 3065 1567 3110 editores
1598 3073 1765 3109 tecto
1812 3079 1899 3116 pro
1944 3073 2130 3117 tutus,
2161 3072 2208 3109 et

495 3159 684 3204 Lucret.
718 3160 804 3211 IV,
837 3159 940 3204 511.

409 3282 437 3328 ¹)
488 3287 575 3320 Alia
613 3287 827 3321 coniecere:
868 3287 1108 3321 Housmanus
1145 3282 1251 3329 (JPh.
1290 3286 1395 3328 XXI,
1435 3298 1467 3327 p.
1509 3282 1613 3329 162)=
1641 3294 1677 3321 te
1704 3287 1815 3321 modo
1840 3287 2007 3321 Ituraeos
2031 3286 2203 3321 viderunt

504 3346 637 3379 Bactra
664 3357 728 3385 per
753 3357 879 3387 arcus;

502 3405 717 3439 Kfihlewein
751 3402 966 3448 (Featgrun
1003 3406 1027 3439 s.
1055 3405 1206 3440 Heerw.
1234 3417 1266 3446 p.
1295 3402 1357 3448 16)
1404 3413 1441 3439 te
1468 3406 1579 3439 modo
1605 3405 1776 3440 viderunt
1802 3405 1957 3440 iterato·
1983 3405 2116 3439 Bactra
2143 3415 2206 3445 per

503 3464 611 3497 ictus.
