2566 3886
1137 260 1404 307 —245—

599 406 723 444 „non
755 392 858 445 hoc,
890 391 1057 444 Roma,
1089 391 1154 436 fui
1185 399 1312 436 tanto
1340 390 1422 435 tibi
1452 390 1557 436 cive
1588 389 1861 436 verenda!'’.

719 486 834 531 dixit
864 495 909 531 et
940 487 1136 532 adsiduo
1167 486 1322 540 lingua
1351 487 1531 540 sepulta
1562 501 1719 531 mero:

479 581 540 627 So
571 582 669 627 said
701 597 776 627 ev
793 597 868 627 en
905 582 1002 626 that
1033 585 1142 626 sot's
1174 589 1358 634 tongue,
1390 581 1631 633 swamped
1663 580 1711 625 in
1743 580 1929 625 endless
1961 579 2191 625 debauch.

478 678 603 723 Mihi
648 677 851 723 maxime
897 677 1048 730 placet
1095 675 1360 721 Housmani
1406 675 1675 721 coniectura
1735 672 1926 732 (Journ.
1974 675 2030 720 of
2072 674 2191 719 Phil.

475 772 597 818 XVI
628 789 673 826 p.
709 771 790 830 10)
822 787 945 824 „non
977 772 1082 823 hoc,
1115 771 1280 822 Roma,
1311 770 1378 815 fui
1410 778 1537 815 tanto
1567 770 1651 815 tibi
1683 769 1788 815 cive
1819 770 2057 815 verenda''

902 867 1083 911 dixerat
1113 865 1310 910 adsiduo
1340 865 1496 918 lingua
1526 865 1706 919 sepulta
1737 879 1883 909 mero.

478 963 611 1007 Idem
655 962 820 1007 vitium
858 961 1098 1006 invenitur
1130 960 1191 1012 ΙΙ,
1223 959 1295 1011 29,
1330 959 1399 1012 10,
1431 960 1512 1005 ubi
1544 975 1630 1013 pro
1662 959 1787 1005 bona
1818 959 2018 1005 lectione
2050 960 2190 1005 dixit

477 1065 534 1102 et
565 1054 758 1114 (NFL)
788 1056 837 1101 in
870 1056 966 1101 DV
998 1055 1246 1101 dixerat
1276 1055 1486 1109 legimus.

342 1245 413 1292 65,
446 1245 572 1292 Cum
606 1245 836 1291 Liveneio
867 1245 1125 1299 perfeetum
1158 1260 1183 1290 c
1200 1260 1229 1290 o
1245 1260 1276 1290 n
1294 1245 1325 1289 d
1342 1245 1399 1290 id
1414 1260 1441 1290 e
1458 1260 1482 1289 r
1498 1260 1529 1290 u
1547 1253 1612 1289 nt
1643 1244 1983 1290 restituendum
2015 1252 2098 1289 est.

340 1435 411 1480 59.
443 1435 515 1480 60.
576 1435 758 1481 Versus
795 1434 866 1480 59.
898 1434 956 1480 60
989 1450 1084 1480 non
1116 1449 1202 1479 suo
1233 1435 1338 1480 loco
1369 1434 1456 1488 legi
1479 1434 1571 1479 iam
1590 1434 1876 1479 Passeratius
1892 1434 2186 1486 observavit;

474 1530 816 1584 Hertzbergius
847 1530 1054 1576 scribere
1084 1545 1224 1575 ausus
1255 1538 1346 1575 est:
1367 1538 1553 1582 poetam
1585 1529 1844 1583 argumenti
1868 1529 2186 1582 magnitudine

471 1625 718 1678 abreptum
765 1634 811 1670 et
841 1640 991 1678 paene
1023 1624 1390 1670 debacchantem
1424 1624 1680 1669 verborum
1713 1623 1903 1668 rationis
1936 1624 2090 1669 sobrie
2122 1624 2181 1668 ad

471 1720 692 1766 amussim
736 1720 1006 1773 expendere
1048 1728 1095 1764 et
1125 1719 1346 1765 orationis
1378 1728 1632 1765 structuras
1664 1720 1722 1764 ad
1755 1728 1960 1773 unguem
1997 1719 2183 1774 exigere

472 1816 689 1867 noluisse,
721 1815 797 1860 cui
830 1814 944 1860 Otto
975 1812 1266 1873 (Versumst.
1299 1815 1320 1858 I
1338 1829 1382 1867 p.
1400 1812 1483 1873 22)
1499 1815 1758 1868 prudenter
1779 1815 2057 1868 respondet:
2082 1815 2185 1867 „fiir

470 1910 577 1955 eine
608 1925 660 1955 so
691 1909 1001 1963 hochgradige
1020 1909 1379 1963 Regeuosigkeit
1402 1910 1500 1954 und
1519 1909 1820 1963 Unordnung
1835 1909 1959 1963 giebt
1975 1924 2025 1954 es
2042 1910 2182 1954 keine

470 2004 865 2058 Entschuldiging,
910 2005 1008 2049 und
1055 2019 1163 2049 man
1210 2004 1321 2049 darf
1350 2019 1400 2049 es
1432 2004 1587 2049 einem
1621 2004 1819 2049 Dichter
1848 2004 1939 2049 wie
1972 2004 2182 2058 Properz

472 2100 601 2145 nicht
646 2108 890 2151 zum-auen,
937 2099 1042 2144 dass
1089 2114 1142 2144 er
1190 2099 1332 2144 selbst
1373 2099 1421 2143 in
1466 2100 1552 2144 der
1589 2100 1816 2144 hochsten
1850 2099 2182 2154 Begeisterung

471 2195 625 2240 blosse
670 2193 835 2239 Worte
866 2194 991 2239 ohne
1039 2193 1152 2239 Sinn
1199 2195 1296 2239 und
1345 2194 1622 2248 Bedeutung
1666 2195 1987 2248 hingeworfen
2026 2195 2180 2240 haben

469 2289 689 2334 konnte”.
739 2289 1058 2334 Rothsteinius
1090 2289 1405 2335 difficultatem
1426 2287 1467 2347 1)
1499 2290 1662 2335 tollere
1708 2299 1917 2343 conatur,
1949 2305 2090 2335 versu
2123 2290 2180 2336 59

468 2385 527 2429 ad
543 2393 796 2437 utrumque
812 2384 1153 2430 nominativum
1186 2400 1207 2430 s
1221 2401 1252 2430 u
1270 2394 1334 2430 nt
1366 2386 1644 2437 supplendo,
1682 2386 1824 2438 quod,
1847 2400 1988 2438 quam
2007 2386 2178 2431 durum

465 2505 523 2512 —
555 2495 616 2525 ne
647 2480 799 2525 dicam
831 2480 1086 2525 absurdum
1119 2505 1178 2511 —
1209 2480 1279 2533 sit,
1311 2481 1466 2534 quivis
1498 2481 1677 2526 sentiet.

467 2575 722 2627 Quomodo
768 2589 932 2619 versus
979 2575 1314 2628 transponendi
1363 2575 1467 2627 sint,
1515 2590 1610 2620 non
1654 2575 1716 2619 ita
1747 2575 1880 2620 facile
1911 2584 1980 2620 est
2020 2575 2177 2621 dictu:

467 2670 753 2715 Passeratius
784 2685 853 2715 vs.
885 2669 956 2714 67.
989 2669 1046 2714 68
1078 2678 1184 2714 ante
1216 2685 1285 2715 vs.
1318 2670 1375 2715 59
1407 2671 1573 2724 posuit,
1607 2670 1721 2715 Otto
1753 2686 1821 2715 vs.
1855 2670 1985 2716 59.60
2009 2680 2114 2716 ante
2131 2688 2176 2717 v.

467 2763 524 2809 68
554 2765 710 2809 locum
742 2764 896 2816 dedit;
930 2764 1237 2809 Housmanus
1268 2763 1411 2822 (JPh.
1444 2765 1565 2810 XVI
1598 2780 1642 2818 p.
1678 2764 1758 2823 10)
1790 2781 1955 2811 versus
1986 2766 2034 2811 in
2051 2767 2177 2811 hunc

463 2859 658 2903 modum
689 2858 943 2903 ordinavit:
978 2858 1179 2912 51—58;
1218 2858 1419 2912 65-68;
1453 2859 1523 2904 59.
1556 2859 1635 2912 60;
1668 2859 1859 2912 47—-50‚
1893 2861 2175 2914 Postgatius:

468 2951 671 3004 51-—58;
703 2952 774 2996 47.
806 2951 888 3005 48;
921 2952 992 2997 67.
1024 2952 1106 3005 68;
1138 2953 1337 3007 59—60;
1370 2953 1529 3007 49.50;
1562 2953 1762 3007 65—66;
1794 2954 1984 2999 61-72,

468 3046 709 3092 Facillime
755 3048 885 3092 locus
927 3048 1220 3100 emendatur,
1267 3049 1304 3093 si
1336 3064 1444 3093 cum
1478 3049 1743 3094 Hartmano
1774 3049 1950 3095 59—64
1981 3058 2085 3103 post
2116 3049 2173 3095 68

466 3149 845 3193 transponuntur.
904 3141 1153 3187 Hartmani
1200 3144 1557 3197 transpositione
1603 3145 1804 3189 admissa
1849 3145 2007 3190 omnia
2053 3145 2174 3190 bene

467 3236 750 3288 procedunt;
782 3245 1029 3290 postquam
1061 3237 1187 3281 enim
1219 3246 1357 3291 poeta
1387 3239 1693 3283 exclamavit:

383 3388 414 3434 ¹)
463 3392 666 3427 Aliomodo
702 3392 833 3433 Mahly
868 3389 1073 3435 (BayrGyo
1099 3394 1156 3435 24,
1195 3406 1227 3434 p.
1253 3391 1360 3437 481):
1397 3395 1618 3430 Hannibalis
1651 3396 1769 3436 spolia
1794 3403 1831 3430 et
1857 3397 1950 3431 vidit
1976 3403 2172 3431 tormenta.

335 3450 532 3496 Weidgen:
560 3451 779 3487 Hannibalis
805 3453 922 3495 spolia
947 3459 984 3487 et
1009 3453 1085 3489 vidi
1111 3454 1270 3489 lamenta
1295 3453 1483 3499 Syphacis,
1509 3462 1566 3489 est
1589 3451 1726 3500 Pyrrhi
1752 3462 1826 3501 ega.
