2566 3886
1142 257 1380 302 ..41¹-

471 392 769 445 Propertium
799 390 1071 435 rusticatum
1103 388 1339 433 abducere
1370 386 1598 438 voluisse;
1631 386 1674 430 ei
1705 400 1822 430 vero
1853 399 1948 429 non
1976 383 2183 429 venienti

470 487 778 540 exprobrasse
794 485 1022 530 desidiam
1034 492 1081 529 et
1095 483 1234 528 nimis
1246 483 1436 527 mollem
1450 481 1675 533 animum,
1689 480 1770 533 qui
1781 479 1959 525 tantillo
1973 488 2185 532 tempore

471 583 589 629 urbe
620 597 781 628 carere
812 597 907 626 non
940 588 1096 633 posset
1125 580 1251 632 apud
1284 577 1540 630 Cynthium
1571 576 1752 621 affixus.

471 679 635 731 Tappe
681 675 847 736 (Anal.
894 676 994 721 crit.
1041 684 1088 720 et
1133 671 1233 731 ex.)
1279 672 1537 718 conscia
1581 671 1770 716 Roma
1799 686 1887 724 pro
1918 670 2186 723 parenthesi

471 773 661 818 habenti
707 772 1004 823 verbumque
1050 785 1077 815 e
1091 785 1112 814 s
1126 778 1143 813 t
1188 777 1346 813 mente
1384 767 1586 819 suplenti
1618 781 1714 810 non
1746 765 1879 810 facile
1910 764 2188 809 assentietur

473 869 736 921 quisquam.
769 866 896 911 Nam
929 866 1043 918 quid
1075 863 1366 918 parenthesis
1396 862 1474 907 illa
1503 861 1591 906 sibi
1622 861 1736 906 velit
1750 860 1777 905 P

472 964 534 1008 A.
582 963 770 1008 Palmer
814 961 1072 1007 conscia
1120 959 1308 1004 Roma
1353 972 1440 1010 pro
1478 956 1696 1002 vocativo
1742 955 1923 1007 accipit,
1955 931 2188 1007 vertitque

472 1056 698 1116 (Praefat.
729 1056 826 1102 edit
856 1071 901 1108 p.
932 1053 1031 1112 X):
1064 1055 1208 1107 Quid,
1240 1069 1270 1099 o
1301 1053 1468 1104 Roma,
1500 1066 1622 1104 quae
1652 1050 1840 1096 conscia
1855 1049 2001 1095 nostri
2018 1049 2189 1094 amoris

472 1153 612 1205 fuisti,
643 1167 739 1197 non
770 1166 924 1196 cessas
955 1150 1161 1195 desidiae
1191 1149 1371 1195 crimen
1403 1147 1517 1192 mihi
1534 1147 1722 1201 fingere,
1738 1146 1856 1191 falso
1871 1153 2069 1198 arguens
2085 1159 2188 1189 earn

472 1245 755 1306 (desidiam)
785 1261 973 1292 causam
1005 1260 1123 1295 esse,
1154 1260 1240 1290 cur
1270 1259 1436 1296 parum
1470 1242 1581 1288 felix
1612 1242 1660 1286 in
1691 1256 1853 1286 amore
1885 1239 2013 1285 sim?

474 1343 648 1388 Fateor
693 1357 770 1387 me
813 1343 929 1387 haec
961 1356 1021 1386 ex
1051 1339 1210 1385 verbis
1242 1338 1419 1384 traditis
1449 1339 1579 1383 nullo
1611 1337 1754 1382 modo
1785 1344 2007 1381 excutere
2039 1349 2189 1387 posse.

475 1439 724 1484 Praeterea
754 1436 1013 1482 conscia
1042 1436 1109 1481 sic
1140 1435 1268 1480 nude
1299 1434 1503 1487 positum
1534 1432 1762 1485 displicet,
1794 1446 1951 1484 neque
1975 1429 2192 1475 desidia

478 1534 739 1580 subiectum
774 1532 909 1578 verbi
942 1546 1170 1577 moram
1200 1530 1359 1575 facit
1389 1544 1492 1575 esse
1523 1537 1688 1582 potest.

476 1628 917 1675 Demonstravimus
947 1635 1126 1672 textum
1157 1626 1379 1671 traditum
1411 1624 1602 1669 defendi
1633 1638 1729 1668 non
1761 1636 1924 1675 posse3
1947 1621 2191 1666 audiamus

476 1740 603 1769 nunc
634 1739 730 1775 eos,
767 1723 849 1776 qui
878 1721 1194 1767 correctiones
1225 1728 1585 1774 proposuerunt.
1618 1718 1905 1764 Passeratius
1936 1732 2023 1762 nos
2054 1717 2192 1761 docet

479 1821 593 1865 alios
624 1820 768 1864 libros
784 1816 826 1876 ¹)
859 1833 947 1872 pro
992 1817 1250 1862 conscia
1296 1816 1516 1868 Cynthia
1564 1815 1732 1868 legere,
1778 1814 1879 1858 sive
1926 1812 2002 1857 hic
2048 1812 2193 1865 ipsius

478 1915 724 1960 Passeratii
756 1913 1074 1959 coniecturam
1106 1913 1207 1958 sive
1230 1911 1462 1964 deperditi
1488 1910 1664 1955 codicis
1681 1909 1931 1955 lectionem
1949 1908 2192 1953 habemus.

477 2010 586 2054 Hac
617 2009 816 2054 lectione
848 2007 920 2052 usi
952 2007 1173 2052 Muretus

595 2105 724 2158 quod
756 2103 893 2149 faciat
924 2103 1060 2148 nobis
1092 2102 1371 2155 Cynthia
1402 2116 1610 2146 amore
1642 2097 1892 2157 moram²)‚

482 2200 740 2246 Graevius:

595 2296 723 2348 quod
755 2294 890 2339 faciat
920 2293 1056 2339 nobis
1088 2292 1368 2346 Cynthia
1399 2300 1617 2337 nostra
1649 2306 1829 2336 moram

477 2391 793 2436 coniecerunt.

478 2486 625 2532 Nulla
636 2486 725 2531 alia
740 2486 1011 2530 coniectura
1027 2485 1183 2529 addita
1199 2484 1337 2529 lectio
1353 2483 1529 2529 codicis
1546 2483 1791 2528 Passeratii
1809 2482 1986 2527 bonum
2004 2497 2194 2527 sensum

479 2583 591 2626 dare
638 2589 803 2634 potest,
850 2580 888 2625 si
935 2580 1020 2624 Ro
1034 2596 1080 2624 tn
1095 2595 1122 2624 a
1159 2595 1246 2632 pro
1277 2579 1495 2624 vocativo
1527 2578 1769 2630 habemus,
1801 2578 1930 2630 quod
1963 2577 2195 2630 Postgatio

480 2691 648 2721 verum
680 2676 883 2720 videtur.

483 2772 607 2816 Mihi
639 2780 795 2816 tamen
827 2785 923 2816 non
955 2771 1106 2823 placet
1139 2770 1387 2815 Romam
1420 2784 1536 2821 esse,
1568 2784 1690 2822 quae
1722 2784 1818 2813 non
1850 2776 1999 2813 cesset
2015 2767 2195 2812 crimen

480 2867 654 2920 fingere
685 2866 916 2917 desidiae;
948 2874 1034 2918 ego
1065 2865 1142 2909 hic
1174 2880 1348 2910 nomen
1381 2865 1518 2909 amici
1544 2873 1779 2917 exspecto,
1797 2863 2069 2916 praesertim
2086 2877 2195 2906 cum

478 2967 636 3011 omnia
680 2966 818 3019 primi
850 2966 955 3010 libri
987 2966 1194 3010 carmina
1224 2974 1379 3010 certae
1410 2980 1638 3017 personae
1671 2964 1972 3008 dedicentur:
2004 2962 2046 3014 2,
2079 2961 2121 3013 3,
2154 2960 2195 3012 8,

483 3061 552 3112 11,
600 3060 669 3112 15,
713 3060 782 3112 17,
816 3060 885 3112 18,
920 3059 975 3104 19
1021 3059 1284 3112 Cynthiae;
1319 3060 1358 3111 1,
1390 3059 1433 3111 6,
1468 3060 1537 3111 14,
1569 3059 1626 3103 22
1657 3058 1822 3110 Tullo;
1855 3057 1897 3109 5,
1932 3056 2001 3108 10,
2036 3055 2105 3107 13,
2138 3055 2196 3100 20

483 3155 646 3207 Gallo;
678 3155 719 3207 7,
751 3155 793 3207 9,
826 3155 1047 3206 Pontico;
1080 3154 1108 3198 4
1140 3154 1298 3199 Basse.

400 3361 429 3405 ¹)
479 3365 524 3397 cf.
552 3364 744 3405 Postgate:
770 3375 819 3397 on
844 3364 986 3397 certain
1013 3363 1266 3403 Manuscripts
1292 3364 1330 3397 of
1356 3363 1582 3402 Propertius,
1608 3373 1641 3401 p.
1668 3362 1723 3402 75,
1748 3361 1806 3395 82.

398 3431 425 3477 ¹)
474 3435 527 3469 sic
554 3435 596 3468 L.
622 3434 840 3469 Muellerus.
