2566 3886
909 678 1134 732 LIBER
1176 677 1488 730 PRIMUS.

1035 1014 1291 1061 ELEGIA
1323 1014 1359 1058 I.

304 1196 346 1242 3.
407 1197 594 1242 Primus
642 1210 822 1247 versus,
874 1195 923 1239 in
973 1209 1069 1247 quo
1109 1193 1199 1238 viri
1249 1193 1374 1238 docti
1423 1192 1535 1237 inde
1586 1207 1613 1236 a
1663 1192 1920 1237 Burmanni
1971 1200 2120 1236 aetate

274 2619 342 2664 ll.

406 1292 671 1342 haeserunt,
714 1290 774 1335 ab
818 1290 1101 1334 Housmano
1143 1286 1337 1346 (Journ.
1381 1288 1429 1332 oi
1473 1287 1591 1332 Phil.
1635 1286 1757 1332 XVI
1798 1303 1843 1340 p.
1884 1284 1965 1345 17)
1997 1287 2120 1331 bene

406 1385 662 1439 explicatus
689 1385 870 1430 nullum
895 1382 1171 1428 dubitationi
1201 1383 1357 1427 locum
1386 1383 1621 1435 relinquit,
1651 1397 1912 1434 omnesque
1940 1383 2121 1427 coniec-

404 1490 531 1526 turas
573 1489 620 1525 et
661 1488 895 1525 contortas
939 1479 1271 1532 explicationes
1311 1478 1613 1531 Hertzbergii
1651 1487 1698 1522 et
1728 1478 1925 1522 aliorum
1958 1477 2120 1522 missas

406 1577 558 1621 iacere
601 1590 871 1629 possumus;
911 1575 1025 1619 nihil
1063 1575 1190 1619 enim
1229 1574 1452 1627 significat
1489 1574 1848 1619 constantis
1886 1574 2121 1618 lumina

405 1671 464 1716 fa
477 1685 499 1715 s
512 1680 605 1715 tus
631 1670 719 1715 nisi
743 1678 1064 1715 constanter
1095 1670 1322 1722 Iastosa3
1339 1669 1514 1714 fastus
1530 1669 1773 1722 genetivus
1790 1677 1859 1713 est
1875 1668 2119 1721 qualitatis.

406 1861 482 1905 De
498 1861 647 1906 inutili
668 1860 903 1905 Fonteinii
921 1868 968 1905 et
984 1860 1256 1905 Baehrensii
1273 1860 1543 1905 coniectura
1570 1869 1797 1905 cunctas
1828 1874 1915 1913 pro
1943 1867 2119 1904 castas

405 1964 509 2009 post
550 1955 761 2000 eiusdem
802 1954 1069 1999 Housmani
1101 1955 1285 1999 doctam
1318 1964 1364 1999 et
1395 1964 1577 2000 acutam
1610 1955 1971 2009 disputationem
2003 1955 2119 1999 nihil

405 2050 602 2102 amplius
645 2050 812 2095 dicam.
853 2050 1001 2094 Recte
1034 2049 1365 2094 Lachmannus
1396 2047 1497 2107 (ed.
1532 2049 1647 2095 1816
1677 2051 1820 2103 praef.
1850 2065 1894 2102 p.
1920 2046 2119 2107 XXIV)

403 2146 586 2191 confert
629 2146 675 2190 11
719 2145 790 2190 24.
822 2144 870 2190 9:
915 2160 1061 2199 quare
1104 2160 1164 2190 ne
1204 2145 1287 2189 tibi
1326 2145 1383 2190 sit
1414 2146 1585 2190 mirum
1619 2161 1695 2190 me
1727 2160 1955 2198 quaerere
1987 2145 2118 2197 viles,

404 2256 512 2286 nam
565 2241 778 2286 odisse
832 2249 1037 2285 castas
1090 2255 1281 2294 prorsus
1334 2241 1459 2285 idem
1507 2249 1576 2285 est
1621 2249 1761 2292 atque
1807 2255 2118 2292 quaerere

403 2335 582 2386 viles,
625 2335 654 2379 i.
686 2350 727 2379 e.
759 2335 1043 2387 meretrices,
1071 2350 1212 2388 quam
1242 2336 1512 2389 opinionem
1543 2335 1863 2379 Rothsteinius
1891 2335 2118 2387 exemplis

404 2429 526 2474 bene
557 2429 781 2474 defendit.

403 2634 512 2664 nam
544 2621 688 2664 modo
719 2620 981 2665 Partheniis
1012 2636 1175 2665 amens
1206 2621 1390 2665 errabat
1421 2621 1468 2665 in
1500 2622 1657 2672 antris,

551 2715 645 2759 ibat
676 2724 721 2760 et
752 2716 951 2760 hirsutas
982 2716 1059 2760 ille
1090 2716 1254 2760 videre
1284 2717 1434 2775 feras3

404 2810 481 2854 ille
512 2810 650 2854 etiam
684 2810 857 2862 Hylaei
888 2825 1138 2864 percussus
1170 2811 1367 2855 vulnere
1398 2811 1515 2855 rami

551 2905 735 2950 saucius
765 2905 984 2950 Arcadiis
1014 2906 1211 2958 rupibus
1242 2906 1480 2959 ingemuit.

405 2998 503 3049 Qui
542 2999 809 3044 Housmani
832 2998 872 3057 1)
904 3001 964 3045 de
995 3001 1067 3045 his
1084 3001 1298 3046 versibus
1315 3001 1601 3054 ingeniosam
1619 3001 1978 3053 disputationem
1996 3002 2116 3054 legit,

403 3108 499 3138 non
521 3102 672 3147 potest
693 3095 846 3138 facere
868 3095 982 3147 quin
1000 3104 1214 3140 accurate
1232 3096 1401 3140 iterum
1418 3097 1574 3140 locum
1592 3096 1826 3140 examinet
1843 3096 2116 3149 singulaque

404 3189 686 3241 perpendam
718 3189 910 3240 accedit,
942 3198 993 3233 ut
1027 3189 1284 3243 Postgatius
1315 3205 1506 3242 quoque
1531 3206 1634 3235 eam
1660 3205 1822 3235 veram
1848 3191 2034 3235 duxerit
2060 3188 2116 3247 ⁵²).

322 3304 351 3350 ¹)
400 3308 488 3342 JPh.
514 3309 618 3349 XVI,
647 3319 680 3348 p.
708 3308 751 3341 19
777 3319 856 3348 aqq.

320 3364 353 3409 ²)
403 3367 611 3409 Postgatius
645 3374 769 3401 tamen
799 3368 868 3401 hac
902 3368 939 3401 in
974 3380 1012 3402 re
1044 3369 1089 3402 ab
1122 3369 1343 3403 Housmano
1380 3370 1513 3410 differt,
1550 3371 1647 3410 quod
1674 3370 1840 3403 lacunam
1868 3370 1996 3403 statuit
2021 3371 2118 3403 inter

398 3438 529 3462 venua
556 3427 599 3461 12
624 3434 662 3461 et
690 3426 744 3460 13.
