2566 3886
1153 272 1390 320 „82—

347 402 418 449 39.
482 404 636 458 Digna
666 404 859 459 quidem
893 405 1046 457 iacies,
1079 420 1166 458 pro
1197 421 1290 459 qua
1322 407 1398 451 vel
1430 406 1582 452 obiret
1613 406 1838 452 Achilles.

338 1456 410 1502 40.

336 1744 408 1789 42.

481 500 718 554 Rossberg
763 498 1023 558 (Fleckeis.
1070 500 1232 545 Jahrb.
1282 501 1402 546 Bnd.
1451 501 1534 546 127
1573 517 1617 554 p.
1658 501 1740 560 70)
1784 502 1855 547 39.
1897 502 1955 548 40
1991 513 2095 556 post
2132 503 2193 549 34

480 604 787 648 transponere
818 597 936 649 vult,
970 605 1020 641 ut
1051 596 1157 641 voci
1189 596 1442 649 quidem
1475 612 1606 642 suam
1641 598 1738 643 vim
1773 599 1953 644 reddat.
2002 599 2191 645 Iniuria.

478 690 743 737 Contextus
778 691 904 737 enim
937 691 1213 744 perspicuus
1233 689 1275 749 ¹)
1306 700 1389 737 est.
1423 691 1582 744 „Olim
1614 693 1830 746 mirabar,
1862 694 2014 748 inquit
2042 703 2193 748 poeta,

476 789 606 840 quod
650 787 926 833 muliercula
955 803 1095 833 causa
1130 788 1215 833 fuit
1252 788 1362 833 belli
1400 787 1607 840 Troiani,
1647 789 1730 834 sed
1768 805 1909 842 nunc,
1950 805 2059 835 cum
2094 791 2193 843 ipse

475 883 841 936 pulcherrimam
858 884 1062 936 puellam
1079 883 1245 936 habeo,
1263 884 1468 929 defendo
1491 883 1663 937 Parim,
1682 885 1764 937 qui
1780 899 1968 938 semper
1982 885 2192 939 negabat,

477 979 754 1024 Menelaum
801 980 882 1033 qui
929 979 975 1024 in
1009 980 1249 1032 poscendo
1281 979 1625 1032 perseverabat.
1658 979 1846 1025 Etenim
1877 989 1971 1025 tam
1997 981 2194 1034 pulchra

475 1090 582 1120 mea
612 1075 767 1127 puella
798 1084 880 1127 est,
913 1083 964 1119 ut
994 1074 1105 1119 item
1140 1083 1279 1127 atque
1297 1074 1428 1120 Paris
1445 1083 1492 1120 et
1509 1075 1759 1120 Menelaus
1776 1083 1963 1120 acturus
1978 1075 2191 1121 fuerim?

474 1171 530 1215 In
563 1170 836 1216 Baehrensii
867 1170 1137 1215 coniectura
1174 1171 1281 1215 sed
1315 1172 1467 1215 haec
1499 1186 1586 1224 pro
1617 1171 1868 1224 quidem
1901 1171 2011 1216 sed
2042 1179 2191 1216 totum

474 1266 631 1311 locum
665 1267 950 1320 pessumdat.

472 1456 734 1503 Scribatur:
783 1458 880 1503 vel
927 1457 1163 1502 Priamo
1209 1455 1303 1515 (sic
1335 1455 1413 1515 N)
1454 1457 1603 1502 belli
1649 1472 1829 1503 causa
1874 1457 2191 1510 probanda

471 1554 603 1599 fuit.
636 1554 695 1599 cf.
728 1554 991 1599 Rothstein.

470 1744 666 1789 Frustra
712 1744 770 1790 C.
818 1744 997 1789 Brandt
1043 1744 1235 1796 Quaest.
1280 1744 1420 1797 Prop.
1464 1759 1508 1797 p.
1542 1743 1569 1788 8
1608 1744 1965 1790 Lachmannum
2002 1753 2189 1790 secutus

469 1839 692 1892 defendit,
730 1840 859 1892 quod
890 1839 1057 1893 legitur
1087 1839 1135 1884 in
1168 1839 1509 1892 Neapolitano:

597 1936 674 1980 hic
705 1936 945 1981 dominam
977 1937 1195 1989 exemplo
1227 1944 1370 1988 ponat
1399 1936 1447 1981 in
1479 1944 1586 1981 ante
1604 1933 1647 1993 ²)
1678 1951 1832 1981 meam

469 2032 573 2077 coll.
607 2031 772 2077 Ovidii
804 2047 946 2077 versu
979 2040 1166 2077 metam.
1200 2031 1262 2076 ΙΙ.
1295 2031 1408 2075 5242

739 2127 961 2181 Argolica
992 2129 1121 2181 quod
1153 2128 1202 2172 in
1234 2136 1341 2173 ante
1374 2127 1646 2172 Phoronide
1679 2126 1787 2172 fecit

470 2232 516 2268 et
548 2222 780 2276 Propertii
814 2223 875 2268 11.
908 2222 979 2268 20.
1014 2222 1099 2268 15:

739 2333 844 2363 ossa
882 2318 965 2363 tibi
999 2319 1104 2364 iuro
1139 2334 1225 2371 per
1264 2318 1423 2363 matris
1466 2326 1513 2362 et
1547 2332 1651 2363 ossa
1687 2318 1893 2371 parentis

469 2413 657 2459 Neutro
683 2422 839 2459 autem
866 2414 971 2458 loco
1002 2414 1140 2459 citato
1172 2414 1269 2459 ullo
1289 2414 1433 2458 modo
1449 2413 1647 2457 dubium
1664 2428 1766 2458 esse
1782 2421 1948 2465 potest,
1965 2428 2073 2458 cum
2090 2428 2186 2466 quo

468 2510 700 2555 vocabulo
733 2510 1014 2563 praepositio
1046 2509 1373 2562 coniungenda
1404 2508 1475 2560 sit,
1508 2509 1590 2553 sed
1629 2517 1789 2553 nostro
1820 2509 1925 2553 loco
1947 2523 2113 2554 versus
2134 2507 2184 2553 fit

469 2605 849 2657 obscurissimus3
887 2605 1068 2650 accedit
1099 2605 1228 2657 quod
1286 2620 1313 2649 e
1329 2620 1360 2648 x
1376 2619 1403 2648 e
1420 2619 1467 2648 m
1486 2603 1594 2655 plo
1652 2619 1683 2656 p
1700 2619 1729 2648 o
1746 2619 1777 2648 n
1796 2618 1822 2648 e
1839 2619 1863 2647 r
1879 2618 1906 2647 e
1964 2603 2184 2649 usitatum

468 2708 559 2752 est;
591 2700 706 2753 quid
739 2708 894 2745 tamen
927 2700 990 2744 in
1023 2701 1332 2754 exemplo
1378 2698 1677 2752 ponere?

468 2795 677 2841 Praestat
714 2795 851 2849 igitur
887 2811 996 2841 cum
1035 2795 1367 2841 Daventriensi
1405 2809 1433 2839 a
1448 2810 1472 2839 r
1488 2803 1506 2839 t
1521 2810 1548 2839 e
1590 2795 1757 2848 legere,
1792 2809 1817 2838 r
1854 2803 1899 2839 et
1930 2810 1961 2839 n
2000 2794 2184 2848 saepius

468 2891 823 2937 confunduntur
853 2888 1021 2948 (supra
1049 2887 1130 2948 (c)
1143 2905 1170 2934 a
1187 2906 1218 2934 n
1235 2891 1266 2934 d
1284 2890 1298 2934 i
1315 2890 1346 2934 d
1363 2905 1394 2934 u
1413 2904 1434 2934 s
1477 2898 1524 2934 et
1567 2904 1594 2934 a
1609 2905 1634 2934 r
1649 2889 1680 2933 d
1698 2889 1713 2933 i
1730 2890 1760 2934 d
1778 2905 1809 2934 u
1826 2887 1887 2947 s).

468 2986 568 3032 Ubi
600 2996 758 3032 nostra
788 2987 934 3041 elegia
950 2986 1157 3032 finienda
1178 2995 1313 3038 esset,
1337 2984 1625 3030 Schraderus
1647 2984 1818 3037 aliique
1835 2984 2183 3037 quaesiverunt,

467 3098 623 3136 neque
670 3084 791 3128 hanc
838 3082 966 3127 litem
1005 3082 1286 3134 diremptam
1323 3095 1426 3125 esse
1464 3095 1524 3125 ex
1562 3095 1620 3125 eo
1657 3079 1874 3125 videmus
1925 3079 2054 3133 quod
2091 3079 2182 3124 viri

467 3178 592 3223 docti
626 3177 897 3231 Hertzberg
928 3177 1074 3229 Paley
1105 3176 1379 3221 Phillimore
1410 3175 1552 3220 finem
1585 3175 1758 3220 faciunt
1789 3175 1838 3219 in
1869 3189 2011 3220 versu
2042 3173 2120 3219 54:

383 3330 409 3375 ¹)
460 3330 526 3368 Sic
551 3335 624 3368 iam
652 3334 746 3369 Otto
773 3331 1159 3376 (versumutellungen
1185 3343 1218 3372 p.
1245 3328 1291 3373 7).

380 3403 395 3423 ²
459 3405 691 3446 Miodomki,
717 3404 848 3446 zfiGy.
877 3404 979 3445 1885,
1006 3404 1071 3438 741
1099 3404 1223 3437 inante
1248 3413 1296 3431 z
1321 3402 1359 3436 in
1384 3408 1594 3442 posterumg
1620 3403 1684 3436 sed
1710 3402 1781 3436 hoo
1807 3403 1901 3442 apud
1927 3401 2033 3435 huin·
2047 3401 2180 3435 net-ti·

476 3477 678 3516 scriptores
703 3488 777 3511 non
803 3475 996 3516 reperitur.
