2566 3886
1148 281 1416 327 —183—

494 409 605 469 120)
636 412 831 457 refutata
861 412 932 456 sit,
963 412 1110 457 Varia
1140 412 1387 458 coniecere
1418 414 1508 459 viri
1540 415 1692 468 docti;
1723 415 1999 461 Vahlenus:

610 521 696 551 cur
724 515 803 551 tua
834 515 879 551 te
911 506 1206 552 Herculeum
1238 508 1484 561 deportant
1515 510 1680 555 esseda
1709 510 1897 555 Tibur?

493 602 548 646 L.
581 601 844 646 Muellerus
874 611 921 647 et
954 602 1300 647 Rothsteinius:

609 711 694 741 cur
724 706 803 741 aut
832 705 877 742 te
910 697 1204 742 Herculeum
1236 698 1483 750 deportant
1514 699 1678 744 esseda
1708 698 1901 745 Tibur?

492 791 805 836 Baehrensius
821 806 832 835 :

608 901 693 931 cur
723 894 802 931 tua
831 895 878 931 te
910 885 1204 932 Herculeum
1235 887 1483 940 deportant
1513 888 1678 932 esseda
1707 887 1899 933 Tibur?

492 981 809 1026 Phillimorius
825 996 837 1025 ε

607 1091 692 1120 cur
721 1085 877 1121 autem
911 1076 1205 1122 Herculeum
1238 1078 1486 1130 deportant
1516 1079 1680 1123 esseda
1710 1078 1862 1124 Tibur
1876 1078 1903 1124 ?

490 1170 807 1216 Hartmanus:

606 1281 752 1311 curve
782 1275 861 1311 tua
892 1266 1187 1312 Herculeum
1219 1276 1264 1312 te
1296 1277 1481 1320 portant
1511 1269 1676 1314 esseda
1706 1268 1898 1314 Tibur?

489 1361 562 1406 Ex
599 1361 671 1406 his
702 1361 981 1407 coniecturis
1013 1362 1218 1408 Vahleni
1250 1372 1297 1408 et
1329 1363 1600 1408 Baehrensii
1633 1364 1826 1408 nimiam
1857 1366 2063 1420 ἔμφασιν
2094 1365 2207 1410 dant

486 1455 753 1509 pronomini
800 1464 866 1501 tu
884 1471 924 1508 a,
971 1465 1021 1501 ut
1062 1466 1190 1502 recte
1221 1458 1441 1502 observat
1486 1458 1794 1503 Housmanus
1826 1459 1940 1511 (l.l.);
1974 1459 2022 1503 in
2048 1459 2206 1504 Philli-

486 1550 622 1596 morii
683 1551 974 1596 correctione
1034 1561 1197 1597 contra
1257 1568 1519 1606 pronomen
1597 1562 1656 1598 te
1733 1563 1811 1599 aut
1887 1563 1996 1599 tua
2068 1563 2205 1608 aegre

484 1645 799 1698 desideratur:
857 1646 1107 1691 Hartmani
1153 1647 1420 1692 emendatio
1466 1656 1513 1693 et
1559 1648 1782 1693 Muelleri
1829 1649 2033 1702 optimae
2080 1658 2203 1702 sunt,

482 1741 566 1785 sed
610 1740 830 1794 equidem
874 1740 1039 1794 eligam
1085 1741 1352 1786 Housmani
1384 1743 1645 1795 inventum,
1677 1744 1805 1797 quod
1837 1758 1987 1798 aeque
2020 1744 2199 1790 bonum

482 1850 671 1880 sensum
703 1835 913 1887 restituit,
945 1837 1028 1881 sed
1060 1837 1252 1889 propius
1283 1837 1414 1882 abest
1444 1853 1471 1882 a
1502 1838 1719 1883 ductibus
1750 1839 2035 1884 litterarum:

571 1945 765 1975 curnam
798 1938 842 1975 te
876 1930 1170 1975 Herculeum
1203 1932 1451 1985 deportant
1482 1933 1647 1977 esseda
1677 1932 1869 1978 Tibur?

482 2025 538 2069 In
570 2025 841 2069 hexametro
872 2040 1062 2079 quoque
1091 2026 1370 2078 explicando
1396 2027 1595 2072 multum
1624 2028 1913 2074 sudaverunt
1939 2029 2028 2074 viri
2058 2030 2200 2075 docti.

484 2120 781 2165 Pentameter
811 2120 870 2165 ab
904 2120 1211 2172 Rothsteinio,
1243 2121 1324 2175 qui
1356 2121 1422 2166 sic
1454 2122 1588 2175 legit:

632 2215 791 2268 Appia
821 2230 906 2260 cur
936 2215 1104 2260 totiens
1135 2225 1181 2260 te
1212 2216 1290 2260 via
1320 2216 1449 2261 ducit
1480 2232 1611 2269 anus,

480 2310 738 2364 explicatur
780 2311 1084 2363 comparatis:
1123 2311 1283 2355 charta
1312 2326 1430 2356 anus
1461 2310 1661 2370 (Catull.
1694 2312 1766 2365 68,
1798 2312 1896 2371 46),
1927 2315 2052 2360 fama
2082 2330 2199 2360 anus

480 2402 577 2463 (78.
612 2403 707 2463 10).
751 2405 982 2451 Concedo
1024 2405 1228 2459 Appia
1270 2421 1421 2452 anus
1466 2407 1633 2453 Latine
1676 2409 1768 2453 dici
1812 2424 1964 2463 posse,
2003 2411 2086 2455 sed
2118 2411 2199 2464 qui

479 2500 690 2554 Appia
730 2501 829 2545 via
865 2516 1014 2546 anus
1045 2501 1202 2546 scribit
1233 2501 1348 2546 nihil
1379 2502 1504 2547 dicit.
1539 2502 1726 2548 Ellisius
1757 2501 1901 2561 (JPh.
1919 2504 2032 2557 XV,
2052 2520 2096 2557 p.
2118 2502 2198 2563 15)

481 2610 589 2639 cum
623 2595 873 2640 Fonteinio
903 2611 1078 2640 anum
1110 2597 1267 2649 legens
1298 2605 1427 2649 putat
1459 2596 1716 2649 Cynthiam
1748 2599 1858 2643 anili
1890 2599 2051 2643 habitu
2087 2600 2196 2644 duci

478 2705 529 2735 se
559 2690 797 2735 curavisse
827 2706 913 2743 per
943 2690 1068 2735 viam
1100 2691 1306 2744 Appiam
1338 2693 1397 2736 ad
1430 2707 1622 2737 arcanas
1652 2692 1883 2745 tabernas,
1921 2694 2198 2748 confertque

478 2784 871 2829 narratiunculam
902 2785 1027 2838 apud
1045 2784 1259 2829 Nonium
1276 2782 1491 2843 (Comm.
1510 2786 1708 2840 Gregor.
1732 2786 2026 2832 Nazianzen.
2044 2789 2080 2833 Ι.
2098 2786 2196 2846 64).

479 2878 571 2923 Sed
615 2887 777 2924 contra
807 2894 972 2924 omnes
1004 2880 1116 2924 tales
1148 2880 1480 2933 explicationes
1511 2890 1684 2935 pugnat
1715 2882 2033 2927 firmissimum
2065 2892 2196 2936 argu-

478 2982 704 3024 mentum,
736 2974 864 3027 quod
896 2974 1072 3027 primus
1103 2975 1293 3026 protulit
1325 2974 1629 3020 Hartmanus:
1662 2973 1792 3032 (Een
1824 2992 1884 3021 en
1916 2978 2064 3021 ander
2080 2992 2197 3022 over

479 3067 751 3120 Propertius
781 3083 826 3121 p.
859 3065 913 3125 7)
956 3068 1161 3120 Appia
1197 3069 1298 3113 via
1335 3070 1511 3114 ducit
1542 3078 1719 3115 tantum
1752 3071 1942 3115 defendi
1974 3087 2125 3124 posse,
2157 3072 2194 3117 si

478 3162 676 3206 addatur
717 3163 910 3214 locus,
956 3177 1071 3215 quo
1116 3162 1215 3206 via
1260 3163 1457 3207 ducat.

479 3257 565 3307 IV,
597 3255 625 3301 8
657 3255 864 3308 Cynthia
894 3271 944 3301 se
964 3266 1170 3302 amatore
1186 3258 1392 3311 quodam
1422 3258 1671 3303 comitante
1701 3259 1969 3304 Lanuvium
1986 3261 2193 3313 confert3

478 3367 592 3397 num
625 3352 760 3405 igitur
790 3352 1072 3404 dubitamus,
1104 3353 1217 3406 quin
1249 3362 1376 3398 recte
1406 3353 1667 3398 emendarit
1696 3353 1931 3399 Jortinus:

629 3445 785 3499 Appia
815 3460 900 3490 cur
930 3446 1098 3492 totiens
1129 3456 1174 3491 te
1205 3447 1282 3492 via
1314 3447 1620 3493 Lanuvium?
