<?xml version="1.0" encoding="UTF-8"?>
<!DOCTYPE html PUBLIC "-//W3C//DTD XHTML 1.0 Transitional//EN"
    "http://www.w3.org/TR/xhtml1/DTD/xhtml1-transitional.dtd">
<html xmlns="http://www.w3.org/1999/xhtml" xml:lang="en" lang="en">
 <head>
  <title>
</title>
<meta http-equiv="Content-Type" content="text/html;charset=utf-8" />
  <meta name='ocr-system' content='tesseract 3.04.00' />
  <meta name='ocr-capabilities' content='ocr_page ocr_carea ocr_par ocr_line ocrx_word'/>
</head>
<body>
  <div class='ocr_page' id='page_1' title='image "./adpropertiicarmi00enkpuoft_0247.png"; bbox 0 0 2566 3886; ppageno 0'>
   <div class='ocr_carea' id='block_1_1' title="bbox 350 2230 418 2276">
    <p class='ocr_par' dir='ltr' id='par_1_1' title="bbox 350 2230 418 2276">
     <span class='ocr_line' id='line_1_1' title="bbox 350 2230 418 2276; baseline -0.015 0"><span class='ocrx_word' id='word_1_1' title='bbox 350 2230 418 2276; x_wconf 94' lang='grc'><strong>11.</strong></span> 
     </span>
    </p>
   </div>
   <div class='ocr_carea' id='block_1_2' title="bbox 1144 296 1410 342">
    <p class='ocr_par' dir='ltr' id='par_1_2' title="bbox 1144 296 1410 342">
     <span class='ocr_line' id='line_1_2' title="bbox 1144 296 1410 342; baseline 0 0"><span class='ocrx_word' id='word_1_2' title='bbox 1144 296 1410 342; x_wconf 88' lang='grc'><strong>-231-</strong></span> 
     </span>
    </p>
   </div>
   <div class='ocr_carea' id='block_1_3' title="bbox 486 423 2206 1619">
    <p class='ocr_par' dir='ltr' id='par_1_3' title="bbox 486 423 2206 1529">
     <span class='ocr_line' id='line_1_3' title="bbox 490 423 2206 484; baseline -0.002 -10"><span class='ocrx_word' id='word_1_3' title='bbox 490 428 673 474; x_wconf 69' lang='lat' dir='ltr'><strong>felicem</strong></span> <span class='ocrx_word' id='word_1_4' title='bbox 705 428 960 473; x_wconf 79' lang='lat' dir='ltr'><strong>redituram</strong></span> <span class='ocrx_word' id='word_1_5' title='bbox 992 425 1292 471; x_wconf 83' lang='lat' dir='ltr'><strong>concordiam</strong></span> <span class='ocrx_word' id='word_1_6' title='bbox 1324 423 1393 483; x_wconf 94' lang='lat'><strong>(6,</strong></span> <span class='ocrx_word' id='word_1_7' title='bbox 1422 423 1531 484; x_wconf 83' lang='lat'>41):</span> <span class='ocrx_word' id='word_1_8' title='bbox 1563 426 1775 471; x_wconf 88' lang='lat' dir='ltr'><strong>aemulus</strong></span> <span class='ocrx_word' id='word_1_9' title='bbox 1790 425 1907 470; x_wconf 88' lang='lat' dir='ltr'><strong>retia</strong></span> <span class='ocrx_word' id='word_1_10' title='bbox 1920 424 2069 470; x_wconf 91' lang='lat' dir='ltr'><strong>tendit</strong></span> <span class='ocrx_word' id='word_1_11' title='bbox 2084 425 2206 470; x_wconf 92' lang='lat' dir='ltr'><strong>lecto</strong></span> 
     </span>
     <span class='ocr_line' id='line_1_4' title="bbox 491 517 2204 580; baseline -0.002 -12"><span class='ocrx_word' id='word_1_12' title='bbox 491 532 656 577; x_wconf 89' lang='lat' dir='ltr'><strong>poetae</strong></span> <span class='ocrx_word' id='word_1_13' title='bbox 687 519 756 580; x_wconf 89' lang='grc'><strong>(3,</strong></span> <span class='ocrx_word' id='word_1_14' title='bbox 789 519 887 579; x_wconf 89' lang='grc'>37).</span> <span class='ocrx_word' id='word_1_15' title='bbox 920 521 1182 566; x_wconf 90' lang='lat' dir='ltr'><strong>Puellae</strong></span> <span class='ocrx_word' id='word_1_16' title='bbox 1213 521 1544 573; x_wconf 86' lang='lat' dir='ltr'><strong>querellis,</strong></span> <span class='ocrx_word' id='word_1_17' title='bbox 1575 521 1727 574; x_wconf 92' lang='lat' dir='ltr'><strong>inquit</strong></span> <span class='ocrx_word' id='word_1_18' title='bbox 1758 520 1926 566; x_wconf 89' lang='lat' dir='ltr'><strong>Itesius</strong></span> <span class='ocrx_word' id='word_1_19' title='bbox 1946 517 1987 578; x_wconf 92' lang='grc'><strong>1)</strong></span> <span class='ocrx_word' id='word_1_20' title='bbox 2014 518 2087 578; x_wconf 92' lang='lat' dir='ltr'><strong>(p.</strong></span> <span class='ocrx_word' id='word_1_21' title='bbox 2105 518 2204 577; x_wconf 87' lang='lat'>59),</span> 
     </span>
     <span class='ocr_line' id='line_1_5' title="bbox 491 615 2204 672; baseline -0.002 -9"><span class='ocrx_word' id='word_1_22' title='bbox 491 617 833 672; x_wconf 90' lang='lat' dir='ltr'><strong>opponitur</strong></span> <span class='ocrx_word' id='word_1_23' title='bbox 878 617 1084 669; x_wconf 91' lang='lat' dir='ltr'><strong>ipsius</strong></span> <span class='ocrx_word' id='word_1_24' title='bbox 1116 616 1206 661; x_wconf 90' lang='lat' dir='ltr'><strong>ira</strong></span> <span class='ocrx_word' id='word_1_25' title='bbox 1237 616 1309 661; x_wconf 94' lang='lat' dir='ltr'><strong>de</strong></span> <span class='ocrx_word' id='word_1_26' title='bbox 1341 616 1604 661; x_wconf 85' lang='lat' dir='ltr'><strong>iniuriis</strong></span> <span class='ocrx_word' id='word_1_27' title='bbox 1635 616 1812 661; x_wconf 91' lang='lat' dir='ltr'><strong>illius</strong></span> <span class='ocrx_word' id='word_1_28' title='bbox 1843 624 1990 668; x_wconf 89' lang='lat' dir='ltr'><strong>orta,</strong></span> <span class='ocrx_word' id='word_1_29' title='bbox 2022 615 2204 661; x_wconf 89' lang='lat' dir='ltr'><strong>illius</strong></span> 
     </span>
     <span class='ocr_line' id='line_1_6' title="bbox 490 710 2203 764; baseline -0.002 -6"><span class='ocrx_word' id='word_1_30' title='bbox 490 713 686 758; x_wconf 87' lang='lat' dir='ltr'><strong>rivali</strong></span> <span class='ocrx_word' id='word_1_31' title='bbox 730 711 1081 764; x_wconf 86' lang='lat' dir='ltr'><strong>respondet</strong></span> <span class='ocrx_word' id='word_1_32' title='bbox 1126 711 1413 755; x_wconf 91' lang='lat' dir='ltr'><strong>aemulus</strong></span> <span class='ocrx_word' id='word_1_33' title='bbox 1460 719 1696 762; x_wconf 87' lang='lat' dir='ltr'><strong>poetae.</strong></span> <span class='ocrx_word' id='word_1_34' title='bbox 1741 710 1900 762; x_wconf 89' lang='lat' dir='ltr'><strong>Quem</strong></span> <span class='ocrx_word' id='word_1_35' title='bbox 1932 725 2041 756; x_wconf 93' lang='lat' dir='ltr'><strong>cum</strong></span> <span class='ocrx_word' id='word_1_36' title='bbox 2074 711 2203 756; x_wconf 92' lang='lat' dir='ltr'><strong>nullo</strong></span> 
     </span>
     <span class='ocr_line' id='line_1_7' title="bbox 487 805 2203 860; baseline -0.001 -8"><span class='ocrx_word' id='word_1_37' title='bbox 487 808 637 853; x_wconf 92' lang='lat' dir='ltr'><strong>verbo</strong></span> <span class='ocrx_word' id='word_1_38' title='bbox 668 806 924 860; x_wconf 86' lang='lat' dir='ltr'><strong>praemisso</strong></span> <span class='ocrx_word' id='word_1_39' title='bbox 956 806 1218 858; x_wconf 81' lang='lat' dir='ltr'><strong>alloquatur</strong></span> <span class='ocrx_word' id='word_1_40' title='bbox 1248 813 1386 857; x_wconf 89' lang='lat' dir='ltr'><strong>poeta</strong></span> <span class='ocrx_word' id='word_1_41' title='bbox 1407 813 1547 857; x_wconf 92' lang='lat' dir='ltr'><strong>atque</strong></span> <span class='ocrx_word' id='word_1_42' title='bbox 1564 805 1803 850; x_wconf 84' lang='lat' dir='ltr'><strong>acerrimis</strong></span> <span class='ocrx_word' id='word_1_43' title='bbox 1820 805 2012 857; x_wconf 90' lang='lat' dir='ltr'><strong>quidem</strong></span> <span class='ocrx_word' id='word_1_44' title='bbox 2030 805 2203 858; x_wconf 89' lang='lat' dir='ltr'><strong>verbis,</strong></span> 
     </span>
     <span class='ocr_line' id='line_1_8' title="bbox 489 899 2201 955; baseline -0.002 -7"><span class='ocrx_word' id='word_1_45' title='bbox 489 903 782 955; x_wconf 91' lang='lat' dir='ltr'><strong>suspicamur</strong></span> <span class='ocrx_word' id='word_1_46' title='bbox 827 901 1027 946; x_wconf 92' lang='lat' dir='ltr'><strong>multum</strong></span> <span class='ocrx_word' id='word_1_47' title='bbox 1074 915 1184 945; x_wconf 91' lang='lat' dir='ltr'><strong>eum</strong></span> <span class='ocrx_word' id='word_1_48' title='bbox 1231 899 1391 944; x_wconf 87' lang='lat' dir='ltr'><strong>valere</strong></span> <span class='ocrx_word' id='word_1_49' title='bbox 1437 908 1483 944; x_wconf 90' lang='lat' dir='ltr'><strong>et</strong></span> <span class='ocrx_word' id='word_1_50' title='bbox 1529 908 1678 945; x_wconf 91' lang='lat' dir='ltr'><strong>totum</strong></span> <span class='ocrx_word' id='word_1_51' title='bbox 1723 899 1960 952; x_wconf 84' lang='lat' dir='ltr'><strong>Cynthiae</strong></span> <span class='ocrx_word' id='word_1_52' title='bbox 1992 915 2201 945; x_wconf 89' lang='lat' dir='ltr'><strong>amorem</strong></span> 
     </span>
     <span class='ocr_line' id='line_1_9' title="bbox 490 995 2203 1050; baseline -0.002 -7"><span class='ocrx_word' id='word_1_53' title='bbox 490 1012 744 1050; x_wconf 84' lang='lat' dir='ltr'><strong>occupasse</strong></span> <span class='ocrx_word' id='word_1_54' title='bbox 776 997 850 1050; x_wconf 83' lang='lat' dir='ltr'><strong>ita,</strong></span> <span class='ocrx_word' id='word_1_55' title='bbox 883 1005 934 1041; x_wconf 90' lang='lat' dir='ltr'><strong>ut</strong></span> <span class='ocrx_word' id='word_1_56' title='bbox 964 1004 1150 1049; x_wconf 89' lang='lat' dir='ltr'><strong>poetam</strong></span> <span class='ocrx_word' id='word_1_57' title='bbox 1182 995 1259 1039; x_wconf 90' lang='lat' dir='ltr'><strong>illa</strong></span> <span class='ocrx_word' id='word_1_58' title='bbox 1290 995 1512 1048; x_wconf 77' lang='lat' dir='ltr'><strong>neglegat.</strong></span> <span class='ocrx_word' id='word_1_59' title='bbox 1535 995 1692 1046; x_wconf 90' lang='lat' dir='ltr'><strong>Quam</strong></span> <span class='ocrx_word' id='word_1_60' title='bbox 1710 995 2046 1049; x_wconf 80' lang='lat' dir='ltr'><strong>neglegentiam</strong></span> <span class='ocrx_word' id='word_1_61' title='bbox 2065 1003 2203 1047; x_wconf 91' lang='lat' dir='ltr'><strong>poeta</strong></span> 
     </span>
     <span class='ocr_line' id='line_1_10' title="bbox 489 1090 2201 1146; baseline -0.001 -9"><span class='ocrx_word' id='word_1_62' title='bbox 489 1093 681 1146; x_wconf 91' lang='lat' dir='ltr'><strong>quidem</strong></span> <span class='ocrx_word' id='word_1_63' title='bbox 728 1107 814 1145; x_wconf 91' lang='lat' dir='ltr'><strong>pro</strong></span> <span class='ocrx_word' id='word_1_64' title='bbox 861 1090 1081 1144; x_wconf 89' lang='lat' dir='ltr'><strong>superbia</strong></span> <span class='ocrx_word' id='word_1_65' title='bbox 1125 1090 1309 1142; x_wconf 88' lang='lat' dir='ltr'><strong>puellae</strong></span> <span class='ocrx_word' id='word_1_66' title='bbox 1356 1090 1706 1142; x_wconf 86' lang='lat' dir='ltr'><strong>pulchritudine</strong></span> <span class='ocrx_word' id='word_1_67' title='bbox 1753 1091 1956 1136; x_wconf 90' lang='lat' dir='ltr'><strong>confisae</strong></span> <span class='ocrx_word' id='word_1_68' title='bbox 1987 1091 2201 1143; x_wconf 90' lang='lat' dir='ltr'><strong>accipere</strong></span> 
     </span>
     <span class='ocr_line' id='line_1_11' title="bbox 487 1184 2200 1238; baseline -0.001 -6"><span class='ocrx_word' id='word_1_69' title='bbox 487 1188 588 1232; x_wconf 89' lang='lat' dir='ltr'><strong>vult</strong></span> <span class='ocrx_word' id='word_1_70' title='bbox 633 1186 849 1232; x_wconf 86' lang='lat' dir='ltr'><strong>versibus</strong></span> <span class='ocrx_word' id='word_1_71' title='bbox 896 1185 967 1230; x_wconf 88' lang='grc'><strong>35.</strong></span> <span class='ocrx_word' id='word_1_72' title='bbox 1014 1184 1093 1237; x_wconf 84' lang='lat'><strong>36;</strong></span> <span class='ocrx_word' id='word_1_73' title='bbox 1140 1184 1367 1229; x_wconf 90' lang='lat' dir='ltr'><strong>sentimus</strong></span> <span class='ocrx_word' id='word_1_74' title='bbox 1413 1193 1570 1230; x_wconf 92' lang='lat' dir='ltr'><strong>tamen</strong></span> <span class='ocrx_word' id='word_1_75' title='bbox 1616 1185 1771 1238; x_wconf 92' lang='lat' dir='ltr'><strong>ipsum</strong></span> <span class='ocrx_word' id='word_1_76' title='bbox 1833 1200 1928 1230; x_wconf 90' lang='lat' dir='ltr'><strong>non</strong></span> <span class='ocrx_word' id='word_1_77' title='bbox 1990 1187 2200 1231; x_wconf 92' lang='lat' dir='ltr'><strong>credere.</strong></span> 
     </span>
     <span class='ocr_line' id='line_1_12' title="bbox 487 1279 2199 1335; baseline -0.001 -8"><span class='ocrx_word' id='word_1_78' title='bbox 487 1282 663 1335; x_wconf 86' lang='lat' dir='ltr'><strong>Neque</strong></span> <span class='ocrx_word' id='word_1_79' title='bbox 694 1281 838 1334; x_wconf 78' lang='lat' dir='ltr'><strong>magis</strong></span> <span class='ocrx_word' id='word_1_80' title='bbox 868 1294 1143 1334; x_wconf 90' lang='lat' dir='ltr'><strong>persuasum</strong></span> <span class='ocrx_word' id='word_1_81' title='bbox 1161 1279 1389 1325; x_wconf 91' lang='lat' dir='ltr'><strong>habemus</strong></span> <span class='ocrx_word' id='word_1_82' title='bbox 1405 1295 1515 1325; x_wconf 90' lang='lat' dir='ltr'><strong>eum</strong></span> <span class='ocrx_word' id='word_1_83' title='bbox 1534 1295 1593 1325; x_wconf 83' lang='lat' dir='ltr'><strong>ex</strong></span> <span class='ocrx_word' id='word_1_84' title='bbox 1609 1279 1752 1325; x_wconf 88' lang='lat' dir='ltr'><strong>animi</strong></span> <span class='ocrx_word' id='word_1_85' title='bbox 1769 1280 1998 1326; x_wconf 88' lang='lat' dir='ltr'><strong>sententia</strong></span> <span class='ocrx_word' id='word_1_86' title='bbox 2014 1281 2199 1327; x_wconf 83' lang='lat' dir='ltr'><strong>dicere:</strong></span> 
     </span>
     <span class='ocr_line' id='line_1_13' title="bbox 487 1372 2198 1431; baseline 0 -10"><span class='ocrx_word' id='word_1_87' title='bbox 487 1377 564 1429; x_wconf 91' lang='lat' dir='ltr'><strong>„in</strong></span> <span class='ocrx_word' id='word_1_88' title='bbox 595 1385 641 1421; x_wconf 91' lang='lat' dir='ltr'><strong>te</strong></span> <span class='ocrx_word' id='word_1_89' title='bbox 672 1391 763 1430; x_wconf 86' lang='lat' dir='ltr'><strong>pax</strong></span> <span class='ocrx_word' id='word_1_90' title='bbox 794 1375 908 1420; x_wconf 90' lang='lat' dir='ltr'><strong>mihi</strong></span> <span class='ocrx_word' id='word_1_91' title='bbox 940 1375 1067 1420; x_wconf 91' lang='lat' dir='ltr'><strong>nulla</strong></span> <span class='ocrx_word' id='word_1_92' title='bbox 1097 1374 1278 1427; x_wconf 89' lang='lat' dir='ltr'><strong>placet”</strong></span> <span class='ocrx_word' id='word_1_93' title='bbox 1309 1372 1378 1431; x_wconf 90' lang='lat'><strong>(8,</strong></span> <span class='ocrx_word' id='word_1_94' title='bbox 1396 1372 1493 1431; x_wconf 85' lang='lat'>34),</span> <span class='ocrx_word' id='word_1_95' title='bbox 1516 1383 1762 1427; x_wconf 90' lang='lat' dir='ltr'><strong>postquam</strong></span> <span class='ocrx_word' id='word_1_96' title='bbox 1780 1390 1919 1420; x_wconf 90' lang='lat' dir='ltr'><strong>servo</strong></span> <span class='ocrx_word' id='word_1_97' title='bbox 1937 1375 2198 1421; x_wconf 90' lang='lat' dir='ltr'><strong>libertatem</strong></span> 
     </span>
     <span class='ocr_line' id='line_1_14' title="bbox 486 1468 2129 1529; baseline -0.001 -13"><span class='ocrx_word' id='word_1_98' title='bbox 486 1471 711 1525; x_wconf 90' lang='lat' dir='ltr'><strong>promisit,</strong></span> <span class='ocrx_word' id='word_1_99' title='bbox 743 1470 811 1523; x_wconf 89' lang='lat' dir='ltr'><strong>„si</strong></span> <span class='ocrx_word' id='word_1_100' title='bbox 843 1485 870 1515; x_wconf 90' lang='lat' dir='ltr'><strong>e</strong></span> <span class='ocrx_word' id='word_1_101' title='bbox 901 1478 1030 1515; x_wconf 91' lang='lat' dir='ltr'><strong>tanto</strong></span> <span class='ocrx_word' id='word_1_102' title='bbox 1060 1469 1171 1514; x_wconf 77' lang='lat' dir='ltr'><strong>felix</strong></span> <span class='ocrx_word' id='word_1_103' title='bbox 1202 1468 1458 1514; x_wconf 88' lang='lat' dir='ltr'><strong>concordia</strong></span> <span class='ocrx_word' id='word_1_104' title='bbox 1489 1468 1613 1514; x_wconf 91' lang='lat' dir='ltr'><strong>bello</strong></span> <span class='ocrx_word' id='word_1_105' title='bbox 1644 1469 1899 1515; x_wconf 87' lang='lat' dir='ltr'><strong>exstiterit&#39;&#39;</strong></span> <span class='ocrx_word' id='word_1_106' title='bbox 1931 1468 1999 1527; x_wconf 88' lang='lat'><strong>(6,</strong></span> <span class='ocrx_word' id='word_1_107' title='bbox 2031 1468 2129 1529; x_wconf 84' lang='lat'><strong>41).</strong></span> 
     </span>
    </p>

    <p class='ocr_par' dir='ltr' id='par_1_4' title="bbox 486 1564 2196 1619">
     <span class='ocr_line' id='line_1_15' title="bbox 486 1564 2196 1619; baseline 0 -8"><span class='ocrx_word' id='word_1_108' title='bbox 486 1566 635 1612; x_wconf 90' lang='lat' dir='ltr'><strong>Vides</strong></span> <span class='ocrx_word' id='word_1_109' title='bbox 677 1565 815 1619; x_wconf 76' lang='lat' dir='ltr'><strong>igitur</strong></span> <span class='ocrx_word' id='word_1_110' title='bbox 845 1564 932 1610; x_wconf 89' lang='lat' dir='ltr'><strong>tria</strong></span> <span class='ocrx_word' id='word_1_111' title='bbox 963 1565 1040 1610; x_wconf 89' lang='lat' dir='ltr'><strong>illa</strong></span> <span class='ocrx_word' id='word_1_112' title='bbox 1071 1564 1268 1610; x_wconf 92' lang='lat' dir='ltr'><strong>disticha</strong></span> <span class='ocrx_word' id='word_1_113' title='bbox 1294 1564 1457 1617; x_wconf 91' lang='lat' dir='ltr'><strong>utique</strong></span> <span class='ocrx_word' id='word_1_114' title='bbox 1489 1566 1722 1609; x_wconf 91' lang='lat' dir='ltr'><strong>servanda</strong></span> <span class='ocrx_word' id='word_1_115' title='bbox 1752 1579 1855 1610; x_wconf 91' lang='lat' dir='ltr'><strong>esse</strong></span> <span class='ocrx_word' id='word_1_116' title='bbox 1887 1580 1982 1619; x_wconf 91' lang='lat' dir='ltr'><strong>quo</strong></span> <span class='ocrx_word' id='word_1_117' title='bbox 2013 1566 2118 1611; x_wconf 93' lang='lat' dir='ltr'><strong>loco</strong></span> <span class='ocrx_word' id='word_1_118' title='bbox 2150 1567 2196 1611; x_wconf 92' lang='lat' dir='ltr'><strong>in</strong></span> 
     </span>
    </p>
   </div>
   <div class='ocr_carea' id='block_1_4' title="bbox 484 1659 1962 1714">
    <p class='ocr_par' dir='ltr' id='par_1_5' title="bbox 484 1659 1962 1714">
     <span class='ocr_line' id='line_1_16' title="bbox 484 1659 1962 1714; baseline -0.001 -8"><span class='ocrx_word' id='word_1_119' title='bbox 484 1660 726 1706; x_wconf 90' lang='lat' dir='ltr'><strong>codicibus</strong></span> <span class='ocrx_word' id='word_1_120' title='bbox 757 1661 981 1714; x_wconf 81' lang='lat' dir='ltr'><strong>legantur,</strong></span> <span class='ocrx_word' id='word_1_121' title='bbox 1013 1675 1169 1714; x_wconf 91' lang='lat' dir='ltr'><strong>neque</strong></span> <span class='ocrx_word' id='word_1_122' title='bbox 1200 1674 1227 1704; x_wconf 89' lang='lat' dir='ltr'><strong>a</strong></span> <span class='ocrx_word' id='word_1_123' title='bbox 1257 1659 1466 1704; x_wconf 88' lang='lat' dir='ltr'><strong>carmine</strong></span> <span class='ocrx_word' id='word_1_124' title='bbox 1498 1668 1659 1705; x_wconf 90' lang='lat' dir='ltr'><strong>nostro</strong></span> <span class='ocrx_word' id='word_1_125' title='bbox 1690 1661 1962 1713; x_wconf 88' lang='lat' dir='ltr'><strong>separanda.</strong></span> 
     </span>
    </p>
   </div>
   <div class='ocr_carea' id='block_1_5' title="bbox 485 1849 1825 1903">
    <p class='ocr_par' dir='ltr' id='par_1_6' title="bbox 485 1849 1825 1903">
     <span class='ocr_line' id='line_1_17' title="bbox 485 1849 1825 1903; baseline -0.002 -6"><span class='ocrx_word' id='word_1_126' title='bbox 485 1851 644 1897; x_wconf 90' lang='lat' dir='ltr'><strong>Versu</strong></span> <span class='ocrx_word' id='word_1_127' title='bbox 676 1851 811 1897; x_wconf 89' lang='lat' dir='ltr'><strong>tertio</strong></span> <span class='ocrx_word' id='word_1_128' title='bbox 843 1864 951 1895; x_wconf 91' lang='lat' dir='ltr'><strong>cum</strong></span> <span class='ocrx_word' id='word_1_129' title='bbox 985 1849 1217 1895; x_wconf 87' lang='lat' dir='ltr'><strong>Beroaldo</strong></span> <span class='ocrx_word' id='word_1_130' title='bbox 1248 1864 1334 1902; x_wconf 91' lang='lat' dir='ltr'><strong>pro</strong></span> <span class='ocrx_word' id='word_1_131' title='bbox 1366 1864 1392 1894; x_wconf 97' lang='lat' dir='ltr'><strong>c</strong></span> <span class='ocrx_word' id='word_1_132' title='bbox 1409 1865 1440 1894; x_wconf 92' lang='lat' dir='ltr'><strong>u</strong></span> <span class='ocrx_word' id='word_1_133' title='bbox 1458 1864 1482 1894; x_wconf 94' lang='lat' dir='ltr'><strong>r</strong></span> <span class='ocrx_word' id='word_1_134' title='bbox 1512 1850 1640 1903; x_wconf 80' lang='lat' dir='ltr'><strong>lego:</strong></span> <span class='ocrx_word' id='word_1_135' title='bbox 1673 1865 1699 1894; x_wconf 96' lang='lat' dir='ltr'><strong>c</strong></span> <span class='ocrx_word' id='word_1_136' title='bbox 1715 1866 1746 1895; x_wconf 94' lang='lat' dir='ltr'><strong>u</strong></span> <span class='ocrx_word' id='word_1_137' title='bbox 1764 1866 1825 1895; x_wconf 89' lang='lat' dir='ltr'><strong>m.</strong></span> 
     </span>
    </p>
   </div>
   <div class='ocr_carea' id='block_1_6' title="bbox 481 1944 2195 1999">
    <p class='ocr_par' dir='ltr' id='par_1_7' title="bbox 481 1944 2195 1999">
     <span class='ocr_line' id='line_1_18' title="bbox 481 1944 2195 1999; baseline 0.001 -8"><span class='ocrx_word' id='word_1_138' title='bbox 481 1945 528 1991; x_wconf 88' lang='lat' dir='ltr'><strong>si</strong></span> <span class='ocrx_word' id='word_1_139' title='bbox 560 1961 586 1990; x_wconf 95' lang='lat' dir='ltr'><strong>c</strong></span> <span class='ocrx_word' id='word_1_140' title='bbox 602 1961 634 1990; x_wconf 92' lang='lat' dir='ltr'><strong>u</strong></span> <span class='ocrx_word' id='word_1_141' title='bbox 650 1961 675 1990; x_wconf 94' lang='lat' dir='ltr'><strong>r</strong></span> <span class='ocrx_word' id='word_1_142' title='bbox 704 1945 914 1999; x_wconf 79' lang='lat' dir='ltr'><strong>legimus,</strong></span> <span class='ocrx_word' id='word_1_143' title='bbox 945 1953 1084 1998; x_wconf 87' lang='lat' dir='ltr'><strong>poeta</strong></span> <span class='ocrx_word' id='word_1_144' title='bbox 1114 1944 1257 1989; x_wconf 86' lang='lat' dir='ltr'><strong>iratus</strong></span> <span class='ocrx_word' id='word_1_145' title='bbox 1287 1944 1500 1989; x_wconf 88' lang='lat' dir='ltr'><strong>videtur:</strong></span> <span class='ocrx_word' id='word_1_146' title='bbox 1532 1953 1627 1990; x_wconf 89' lang='lat' dir='ltr'><strong>tota</strong></span> <span class='ocrx_word' id='word_1_147' title='bbox 1658 1953 1813 1990; x_wconf 89' lang='lat' dir='ltr'><strong>tamen</strong></span> <span class='ocrx_word' id='word_1_148' title='bbox 1831 1945 1976 1999; x_wconf 82' lang='lat' dir='ltr'><strong>elegia</strong></span> <span class='ocrx_word' id='word_1_149' title='bbox 1992 1947 2195 1992; x_wconf 91' lang='lat' dir='ltr'><strong>ostendit</strong></span> 
     </span>
    </p>
   </div>
   <div class='ocr_carea' id='block_1_7' title="bbox 482 2039 1499 2094">
    <p class='ocr_par' dir='ltr' id='par_1_8' title="bbox 482 2039 1499 2094">
     <span class='ocr_line' id='line_1_19' title="bbox 482 2039 1499 2094; baseline -0.002 -8"><span class='ocrx_word' id='word_1_150' title='bbox 482 2056 592 2086; x_wconf 93' lang='lat' dir='ltr'><strong>eum</strong></span> <span class='ocrx_word' id='word_1_151' title='bbox 624 2041 827 2094; x_wconf 77' lang='lat' dir='ltr'><strong>gaudere</strong></span> <span class='ocrx_word' id='word_1_152' title='bbox 858 2040 897 2084; x_wconf 90' lang='lat' dir='ltr'><strong>si</strong></span> <span class='ocrx_word' id='word_1_153' title='bbox 929 2039 1085 2092; x_wconf 90' lang='lat' dir='ltr'><strong>puella</strong></span> <span class='ocrx_word' id='word_1_154' title='bbox 1115 2054 1276 2084; x_wconf 92' lang='lat' dir='ltr'><strong>secum</strong></span> <span class='ocrx_word' id='word_1_155' title='bbox 1308 2039 1499 2084; x_wconf 90' lang='lat' dir='ltr'><strong>rixetur.</strong></span> 
     </span>
    </p>
   </div>
   <div class='ocr_carea' id='block_1_8' title="bbox 471 2228 2190 3320">
    <p class='ocr_par' dir='ltr' id='par_1_9' title="bbox 479 2228 2190 2377">
     <span class='ocr_line' id='line_1_20' title="bbox 481 2228 2190 2284; baseline 0.002 -10"><span class='ocrx_word' id='word_1_156' title='bbox 481 2230 557 2275; x_wconf 94' lang='lat' dir='ltr'><strong>De</strong></span> <span class='ocrx_word' id='word_1_157' title='bbox 589 2228 806 2283; x_wconf 79' lang='lat' dir='ltr'><strong>Scaligeri</strong></span> <span class='ocrx_word' id='word_1_158' title='bbox 835 2229 1073 2283; x_wconf 78' lang='lat' dir='ltr'><strong>ingeniosa</strong></span> <span class='ocrx_word' id='word_1_159' title='bbox 1089 2228 1417 2274; x_wconf 88' lang='lat' dir='ltr'><strong>emendatione</strong></span> <span class='ocrx_word' id='word_1_160' title='bbox 1435 2229 1628 2275; x_wconf 88' lang='lat' dir='ltr'><strong>rabida</strong></span> <span class='ocrx_word' id='word_1_161' title='bbox 1644 2244 1730 2282; x_wconf 93' lang='lat' dir='ltr'><strong>pro</strong></span> <span class='ocrx_word' id='word_1_162' title='bbox 1747 2231 1976 2284; x_wconf 77' lang='lat' dir='ltr'><strong>gravida</strong></span> <span class='ocrx_word' id='word_1_163' title='bbox 2003 2231 2062 2277; x_wconf 93' lang='lat' dir='ltr'><strong>ab</strong></span> <span class='ocrx_word' id='word_1_164' title='bbox 2094 2247 2190 2278; x_wconf 92' lang='lat' dir='ltr'><strong>om-</strong></span> 
     </span>
     <span class='ocr_line' id='line_1_21' title="bbox 479 2324 1709 2377; baseline 0 -7"><span class='ocrx_word' id='word_1_165' title='bbox 479 2325 617 2370; x_wconf 91' lang='lat' dir='ltr'><strong>nibus</strong></span> <span class='ocrx_word' id='word_1_166' title='bbox 648 2324 906 2370; x_wconf 88' lang='lat' dir='ltr'><strong>editoribus</strong></span> <span class='ocrx_word' id='word_1_167' title='bbox 938 2332 1127 2377; x_wconf 90' lang='lat' dir='ltr'><strong>recepta</strong></span> <span class='ocrx_word' id='word_1_168' title='bbox 1157 2338 1254 2369; x_wconf 92' lang='lat' dir='ltr'><strong>non</strong></span> <span class='ocrx_word' id='word_1_169' title='bbox 1286 2339 1404 2376; x_wconf 92' lang='lat' dir='ltr'><strong>opus</strong></span> <span class='ocrx_word' id='word_1_170' title='bbox 1436 2333 1506 2369; x_wconf 94' lang='lat' dir='ltr'><strong>est</strong></span> <span class='ocrx_word' id='word_1_171' title='bbox 1537 2325 1709 2370; x_wconf 86' lang='lat' dir='ltr'><strong>dicere.</strong></span> 
     </span>
    </p>

    <p class='ocr_par' dir='ltr' id='par_1_10' title="bbox 471 2419 2190 3320">
     <span class='ocr_line' id='line_1_22' title="bbox 478 2419 2190 2468; baseline 0.001 -2"><span class='ocrx_word' id='word_1_172' title='bbox 478 2421 554 2466; x_wconf 87' lang='lat' dir='ltr'><strong>De</strong></span> <span class='ocrx_word' id='word_1_173' title='bbox 599 2420 814 2466; x_wconf 85' lang='lat' dir='ltr'><strong>versibus</strong></span> <span class='ocrx_word' id='word_1_174' title='bbox 859 2419 1033 2465; x_wconf 89' lang='lat'><strong>11-16</strong></span> <span class='ocrx_word' id='word_1_175' title='bbox 1078 2420 1168 2464; x_wconf 90' lang='lat' dir='ltr'><strong>viri</strong></span> <span class='ocrx_word' id='word_1_176' title='bbox 1199 2420 1324 2465; x_wconf 90' lang='lat' dir='ltr'><strong>docti</strong></span> <span class='ocrx_word' id='word_1_177' title='bbox 1355 2420 1542 2466; x_wconf 91' lang='lat' dir='ltr'><strong>diverse</strong></span> <span class='ocrx_word' id='word_1_178' title='bbox 1573 2421 1913 2467; x_wconf 88' lang='lat' dir='ltr'><strong>iudicaverunt.</strong></span> <span class='ocrx_word' id='word_1_179' title='bbox 1945 2422 2190 2468; x_wconf 90' lang='lat' dir='ltr'><strong>Vahlenus</strong></span> 
     </span>
     <span class='ocr_line' id='line_1_23' title="bbox 475 2514 2188 2575; baseline 0.001 -14"><span class='ocrx_word' id='word_1_180' title='bbox 475 2514 795 2574; x_wconf 87' lang='lat' dir='ltr'><strong>(Monatsber.</strong></span> <span class='ocrx_word' id='word_1_181' title='bbox 827 2516 913 2560; x_wconf 92' lang='lat' dir='ltr'><strong>der</strong></span> <span class='ocrx_word' id='word_1_182' title='bbox 945 2515 1063 2560; x_wconf 77' lang='grc' dir='ltr'><strong>Κὸῃ.</strong></span> <span class='ocrx_word' id='word_1_183' title='bbox 1097 2515 1283 2560; x_wconf 89' lang='lat' dir='ltr'><strong>Preuss.</strong></span> <span class='ocrx_word' id='word_1_184' title='bbox 1316 2515 1472 2560; x_wconf 88' lang='lat' dir='ltr'><strong>Akad.</strong></span> <span class='ocrx_word' id='word_1_185' title='bbox 1519 2532 1581 2561; x_wconf 92' lang='lat' dir='ltr'><strong>zu</strong></span> <span class='ocrx_word' id='word_1_186' title='bbox 1630 2516 1787 2561; x_wconf 92' lang='lat' dir='ltr'><strong>Berlin</strong></span> <span class='ocrx_word' id='word_1_187' title='bbox 1822 2516 1951 2569; x_wconf 87' lang='lat'>1881,</span> <span class='ocrx_word' id='word_1_188' title='bbox 1983 2533 2027 2570; x_wconf 92' lang='lat' dir='ltr'><strong>p.</strong></span> <span class='ocrx_word' id='word_1_189' title='bbox 2060 2515 2188 2575; x_wconf 89' lang='grc'>360.)</span> 
     </span>
     <span class='ocr_line' id='line_1_24' title="bbox 476 2610 2187 2663; baseline 0.001 -8"><span class='ocrx_word' id='word_1_190' title='bbox 476 2611 536 2656; x_wconf 92' lang='lat' dir='ltr'><strong>de</strong></span> <span class='ocrx_word' id='word_1_191' title='bbox 579 2610 633 2655; x_wconf 87' lang='lat' dir='ltr'><strong>iis</strong></span> <span class='ocrx_word' id='word_1_192' title='bbox 664 2610 731 2655; x_wconf 93' lang='lat' dir='ltr'><strong>sic</strong></span> <span class='ocrx_word' id='word_1_193' title='bbox 762 2611 943 2655; x_wconf 89' lang='lat' dir='ltr'><strong>scribit:</strong></span> <span class='ocrx_word' id='word_1_194' title='bbox 977 2611 1082 2663; x_wconf 86' lang='lat' dir='ltr'><strong>„die</strong></span> <span class='ocrx_word' id='word_1_195' title='bbox 1113 2611 1215 2655; x_wconf 90' lang='lat' dir='ltr'><strong>drei</strong></span> <span class='ocrx_word' id='word_1_196' title='bbox 1248 2610 1491 2656; x_wconf 88' lang='lat' dir='ltr'><strong>Distichen</strong></span> <span class='ocrx_word' id='word_1_197' title='bbox 1527 2611 1701 2656; x_wconf 90' lang='lat'><strong>11—16</strong></span> <span class='ocrx_word' id='word_1_198' title='bbox 1733 2612 1892 2657; x_wconf 90' lang='lat' dir='ltr'><strong>bilden</strong></span> <span class='ocrx_word' id='word_1_199' title='bbox 1924 2613 2054 2657; x_wconf 92' lang='lat' dir='ltr'><strong>nicht</strong></span> <span class='ocrx_word' id='word_1_200' title='bbox 2081 2613 2187 2658; x_wconf 91' lang='lat' dir='ltr'><strong>eine</strong></span> 
     </span>
     <span class='ocr_line' id='line_1_25' title="bbox 475 2705 2187 2759; baseline 0.001 -9"><span class='ocrx_word' id='word_1_201' title='bbox 475 2705 767 2759; x_wconf 78' lang='lat' dir='ltr'><strong>gleichartige</strong></span> <span class='ocrx_word' id='word_1_202' title='bbox 799 2705 964 2758; x_wconf 91' lang='lat' dir='ltr'><strong>Reihe,</strong></span> <span class='ocrx_word' id='word_1_203' title='bbox 996 2705 1185 2750; x_wconf 86' lang='lat' dir='ltr'><strong>obwohl</strong></span> <span class='ocrx_word' id='word_1_204' title='bbox 1217 2705 1294 2750; x_wconf 93' lang='lat' dir='ltr'><strong>die</strong></span> <span class='ocrx_word' id='word_1_205' title='bbox 1325 2706 1680 2759; x_wconf 81' lang='lat' dir='ltr'><strong>grammatische</strong></span> <span class='ocrx_word' id='word_1_206' title='bbox 1712 2707 1858 2752; x_wconf 92' lang='lat' dir='ltr'><strong>Form</strong></span> <span class='ocrx_word' id='word_1_207' title='bbox 1891 2707 1990 2752; x_wconf 93' lang='lat' dir='ltr'><strong>dies</strong></span> <span class='ocrx_word' id='word_1_208' title='bbox 2015 2708 2187 2752; x_wconf 64' lang='lat' dir='ltr'><strong>zulasst</strong></span> 
     </span>
     <span class='ocr_line' id='line_1_26' title="bbox 475 2800 2184 2853; baseline 0.002 -9"><span class='ocrx_word' id='word_1_209' title='bbox 475 2801 591 2845; x_wconf 93' lang='lat' dir='ltr'><strong>oder</strong></span> <span class='ocrx_word' id='word_1_210' title='bbox 620 2815 682 2844; x_wconf 92' lang='lat' dir='ltr'><strong>zu</strong></span> <span class='ocrx_word' id='word_1_211' title='bbox 714 2800 966 2853; x_wconf 78' lang='lat' dir='ltr'><strong>verlangen</strong></span> <span class='ocrx_word' id='word_1_212' title='bbox 998 2800 1191 2852; x_wconf 91' lang='lat' dir='ltr'><strong>scheint,</strong></span> <span class='ocrx_word' id='word_1_213' title='bbox 1223 2801 1443 2853; x_wconf 91' lang='lat' dir='ltr'><strong>sondern,</strong></span> <span class='ocrx_word' id='word_1_214' title='bbox 1476 2802 1702 2846; x_wconf 68' lang='lat' dir='ltr'><strong>wahrend</strong></span> <span class='ocrx_word' id='word_1_215' title='bbox 1735 2801 1812 2846; x_wconf 90' lang='lat' dir='ltr'><strong>die</strong></span> <span class='ocrx_word' id='word_1_216' title='bbox 1840 2802 2011 2847; x_wconf 93' lang='lat' dir='ltr'><strong>beiden</strong></span> <span class='ocrx_word' id='word_1_217' title='bbox 2029 2811 2184 2847; x_wconf 92' lang='lat' dir='ltr'><strong>ersten</strong></span> 
     </span>
     <span class='ocr_line' id='line_1_27' title="bbox 475 2894 2184 2948; baseline 0.002 -9"><span class='ocrx_word' id='word_1_218' title='bbox 475 2895 613 2939; x_wconf 91' lang='lat' dir='ltr'><strong>einen</strong></span> <span class='ocrx_word' id='word_1_219' title='bbox 660 2894 810 2939; x_wconf 90' lang='lat' dir='ltr'><strong>Effect</strong></span> <span class='ocrx_word' id='word_1_220' title='bbox 855 2895 1161 2946; x_wconf 90' lang='lat' dir='ltr'><strong>bezeichnen,</strong></span> <span class='ocrx_word' id='word_1_221' title='bbox 1209 2896 1401 2940; x_wconf 67' lang='lat' dir='ltr'><strong>enthallt</strong></span> <span class='ocrx_word' id='word_1_222' title='bbox 1447 2897 1529 2940; x_wconf 92' lang='lat' dir='ltr'><strong>das</strong></span> <span class='ocrx_word' id='word_1_223' title='bbox 1576 2896 1727 2948; x_wconf 86' lang='lat' dir='ltr'><strong>dritte,</strong></span> <span class='ocrx_word' id='word_1_224' title='bbox 1774 2912 1881 2941; x_wconf 87' lang='lat' dir='ltr'><strong>wen</strong></span> <span class='ocrx_word' id='word_1_225' title='bbox 1927 2896 2005 2942; x_wconf 90' lang='lat' dir='ltr'><strong>ich</strong></span> <span class='ocrx_word' id='word_1_226' title='bbox 2051 2898 2184 2942; x_wconf 92' lang='lat' dir='ltr'><strong>recht</strong></span> 
     </span>
     <span class='ocr_line' id='line_1_28' title="bbox 474 2988 2106 3040; baseline 0.002 -7"><span class='ocrx_word' id='word_1_227' title='bbox 474 2989 705 3040; x_wconf 91' lang='lat' dir='ltr'><strong>verstehe,</strong></span> <span class='ocrx_word' id='word_1_228' title='bbox 737 2988 813 3033; x_wconf 91' lang='lat' dir='ltr'><strong>ein</strong></span> <span class='ocrx_word' id='word_1_229' title='bbox 846 2989 1000 3033; x_wconf 89' lang='lat' dir='ltr'><strong>Motiv</strong></span> <span class='ocrx_word' id='word_1_230' title='bbox 1031 2989 1113 3033; x_wconf 92' lang='lat' dir='ltr'><strong>das</strong></span> <span class='ocrx_word' id='word_1_231' title='bbox 1144 2990 1336 3034; x_wconf 92' lang='lat' dir='ltr'><strong>solchen</strong></span> <span class='ocrx_word' id='word_1_232' title='bbox 1370 2990 1519 3034; x_wconf 91' lang='lat' dir='ltr'><strong>Effect</strong></span> <span class='ocrx_word' id='word_1_233' title='bbox 1549 2990 1885 3036; x_wconf 83' lang='lat' dir='ltr'><strong>herbeifiihren</strong></span> <span class='ocrx_word' id='word_1_234' title='bbox 1916 2992 2106 3036; x_wconf 71' lang='lat' dir='ltr'><strong>konnte.</strong></span> 
     </span>
     <span class='ocr_line' id='line_1_29' title="bbox 474 3082 2182 3131; baseline 0.002 -4"><span class='ocrx_word' id='word_1_235' title='bbox 474 3082 567 3128; x_wconf 93' lang='lat' dir='ltr'><strong>Die</strong></span> <span class='ocrx_word' id='word_1_236' title='bbox 599 3083 843 3127; x_wconf 91' lang='lat' dir='ltr'><strong>Distichen</strong></span> <span class='ocrx_word' id='word_1_237' title='bbox 878 3082 947 3127; x_wconf 92' lang='grc'><strong>13.</strong></span> <span class='ocrx_word' id='word_1_238' title='bbox 981 3083 1036 3127; x_wconf 88' lang='lat'><strong>14</strong></span> <span class='ocrx_word' id='word_1_239' title='bbox 1068 3084 1165 3128; x_wconf 91' lang='lat' dir='ltr'><strong>und</strong></span> <span class='ocrx_word' id='word_1_240' title='bbox 1200 3083 1268 3128; x_wconf 92' lang='grc'><strong>15.</strong></span> <span class='ocrx_word' id='word_1_241' title='bbox 1304 3083 1358 3128; x_wconf 91' lang='grc'><strong>16</strong></span> <span class='ocrx_word' id='word_1_242' title='bbox 1390 3085 1642 3130; x_wconf 90' lang='lat' dir='ltr'><strong>schliessen</strong></span> <span class='ocrx_word' id='word_1_243' title='bbox 1660 3086 1760 3130; x_wconf 91' lang='lat' dir='ltr'><strong>sich</strong></span> <span class='ocrx_word' id='word_1_244' title='bbox 1777 3086 1864 3130; x_wconf 77' lang='lat' dir='ltr'><strong>fest</strong></span> <span class='ocrx_word' id='word_1_245' title='bbox 1879 3101 1937 3130; x_wconf 91' lang='lat' dir='ltr'><strong>an</strong></span> <span class='ocrx_word' id='word_1_246' title='bbox 1955 3087 2182 3131; x_wconf 90' lang='lat' dir='ltr'><strong>einander</strong></span> 
     </span>
     <span class='ocr_line' id='line_1_30' title="bbox 472 3178 2180 3234; baseline 0.002 -13"><span class='ocrx_word' id='word_1_247' title='bbox 472 3178 570 3221; x_wconf 93' lang='lat' dir='ltr'><strong>und</strong></span> <span class='ocrx_word' id='word_1_248' title='bbox 602 3178 837 3222; x_wconf 90' lang='lat' dir='ltr'><strong>enthalten</strong></span> <span class='ocrx_word' id='word_1_249' title='bbox 869 3186 1233 3231; x_wconf 81' lang='lat' dir='ltr'><strong>angemessenen</strong></span> <span class='ocrx_word' id='word_1_250' title='bbox 1267 3179 1558 3224; x_wconf 87' lang='lat' dir='ltr'><strong>Gedanken:</strong></span> <span class='ocrx_word' id='word_1_251' title='bbox 1592 3195 1760 3231; x_wconf 89' lang='lat' dir='ltr'><strong>„wenn</strong></span> <span class='ocrx_word' id='word_1_252' title='bbox 1793 3180 1860 3224; x_wconf 92' lang='lat' dir='ltr'><strong>sie</strong></span> <span class='ocrx_word' id='word_1_253' title='bbox 1892 3181 1984 3224; x_wconf 91' lang='lat' dir='ltr'><strong>den</strong></span> <span class='ocrx_word' id='word_1_254' title='bbox 2001 3180 2180 3234; x_wconf 83' lang='lat' dir='ltr'><strong>Ausge-</strong></span> 
     </span>
     <span class='ocr_line' id='line_1_31' title="bbox 471 3272 2176 3320; baseline 0.002 -4"><span class='ocrx_word' id='word_1_255' title='bbox 471 3272 660 3317; x_wconf 91' lang='lat' dir='ltr'><strong>henden</strong></span> <span class='ocrx_word' id='word_1_256' title='bbox 707 3273 790 3317; x_wconf 93' lang='lat' dir='ltr'><strong>mit</strong></span> <span class='ocrx_word' id='word_1_257' title='bbox 835 3272 1090 3318; x_wconf 74' lang='lat' dir='ltr'><strong>Wiichtern</strong></span> <span class='ocrx_word' id='word_1_258' title='bbox 1122 3274 1326 3318; x_wconf 89' lang='lat' dir='ltr'><strong>umstellt</strong></span> <span class='ocrx_word' id='word_1_259' title='bbox 1356 3274 1473 3318; x_wconf 93' lang='lat' dir='ltr'><strong>oder</strong></span> <span class='ocrx_word' id='word_1_260' title='bbox 1502 3274 1594 3318; x_wconf 89' lang='lat' dir='ltr'><strong>wie</strong></span> <span class='ocrx_word' id='word_1_261' title='bbox 1625 3274 1731 3318; x_wconf 91' lang='lat' dir='ltr'><strong>eine</strong></span> <span class='ocrx_word' id='word_1_262' title='bbox 1763 3274 2047 3319; x_wconf 88' lang='lat' dir='ltr'><strong>Bacchantin</strong></span> <span class='ocrx_word' id='word_1_263' title='bbox 2079 3275 2176 3320; x_wconf 91' lang='lat' dir='ltr'><strong>ihm</strong></span> 
     </span>
    </p>
   </div>
   <div class='ocr_carea' id='block_1_9' title="bbox 470 3366 2176 3422">
    <p class='ocr_par' dir='ltr' id='par_1_11' title="bbox 470 3366 2176 3422">
     <span class='ocr_line' id='line_1_32' title="bbox 470 3366 2176 3422; baseline 0.003 -12"><span class='ocrx_word' id='word_1_264' title='bbox 470 3366 711 3410; x_wconf 90' lang='lat' dir='ltr'><strong>nachsetzt</strong></span> <span class='ocrx_word' id='word_1_265' title='bbox 766 3367 852 3411; x_wconf 85' lang='lat' dir='ltr'><strong>auf</strong></span> <span class='ocrx_word' id='word_1_266' title='bbox 890 3367 967 3412; x_wconf 91' lang='lat' dir='ltr'><strong>die</strong></span> <span class='ocrx_word' id='word_1_267' title='bbox 1012 3366 1201 3422; x_wconf 90' lang='lat' dir='ltr'><strong>Strasse,</strong></span> <span class='ocrx_word' id='word_1_268' title='bbox 1249 3368 1315 3412; x_wconf 93' lang='lat' dir='ltr'><strong>sei</strong></span> <span class='ocrx_word' id='word_1_269' title='bbox 1362 3383 1412 3412; x_wconf 90' lang='lat' dir='ltr'><strong>es</strong></span> <span class='ocrx_word' id='word_1_270' title='bbox 1456 3369 1561 3413; x_wconf 91' lang='lat' dir='ltr'><strong>dass</strong></span> <span class='ocrx_word' id='word_1_271' title='bbox 1607 3369 1811 3414; x_wconf 90' lang='lat' dir='ltr'><strong>sinnlose</strong></span> <span class='ocrx_word' id='word_1_272' title='bbox 1857 3368 2063 3415; x_wconf 73' lang='lat' dir='ltr'><strong>Triiume</strong></span> <span class='ocrx_word' id='word_1_273' title='bbox 2110 3370 2176 3415; x_wconf 93' lang='lat' dir='ltr'><strong>sie</strong></span> 
     </span>
    </p>
   </div>
   <div class='ocr_carea' id='block_1_10' title="bbox 338 3441 621 3451">
    <p class='ocr_par' dir='ltr' id='par_1_12' title="bbox 338 3441 621 3451">
     <span class='ocr_line' id='line_1_33' title="bbox 338 3441 621 3451; baseline 0 0"><span class='ocrx_word' id='word_1_274' title='bbox 338 3441 621 3451; x_wconf 95' lang='lat' dir='ltr'><strong> </strong></span> 
     </span>
    </p>
   </div>
   <div class='ocr_carea' id='block_1_11' title="bbox 387 3471 1894 3520">
    <p class='ocr_par' dir='ltr' id='par_1_13' title="bbox 387 3471 1894 3520">
     <span class='ocr_line' id='line_1_34' title="bbox 387 3471 1894 3520; baseline 0.004 -11"><span class='ocrx_word' id='word_1_275' title='bbox 387 3471 418 3519; x_wconf 88' lang='lat'><strong>¹)</strong></span> <span class='ocrx_word' id='word_1_276' title='bbox 465 3474 646 3511; x_wconf 78' lang='lat' dir='ltr'><strong>Nostram</strong></span> <span class='ocrx_word' id='word_1_277' title='bbox 672 3475 782 3519; x_wconf 72' lang='lat' dir='ltr'><strong>igitur</strong></span> <span class='ocrx_word' id='word_1_278' title='bbox 806 3476 960 3519; x_wconf 72' lang='lat' dir='ltr'><strong>elegiam</strong></span> <span class='ocrx_word' id='word_1_279' title='bbox 986 3484 1112 3512; x_wconf 78' lang='lat' dir='ltr'><strong>sextae</strong></span> <span class='ocrx_word' id='word_1_280' title='bbox 1138 3478 1394 3520; x_wconf 73' lang='lat' dir='ltr'><strong>supplemento</strong></span> <span class='ocrx_word' id='word_1_281' title='bbox 1420 3489 1502 3515; x_wconf 81' lang='lat' dir='ltr'><strong>esse</strong></span> <span class='ocrx_word' id='word_1_282' title='bbox 1528 3485 1629 3515; x_wconf 81' lang='lat' dir='ltr'><strong>recte</strong></span> <span class='ocrx_word' id='word_1_283' title='bbox 1655 3479 1783 3515; x_wconf 83' lang='lat' dir='ltr'><strong>statuit</strong></span> <span class='ocrx_word' id='word_1_284' title='bbox 1808 3479 1894 3515; x_wconf 71' lang='lat' dir='ltr'><strong>lteu.</strong></span> 
     </span>
    </p>
   </div>
  </div>
 </body>
</html>
