2566 3886
364 1150 405 1195 7.
423 1149 464 1195 8.

1162 245 1400 291 ...21-

611 387 658 424 et
687 378 770 423 tibi
801 393 897 422 non
929 392 1137 430 unquam
1169 384 1352 422 nostros
1383 391 1502 428 puer
1532 376 1617 421 iste
1648 375 1832 421 labores

727 473 917 517 adferat.

495 570 672 615 Meos
703 569 952 614 furores
983 576 1091 613 sunt
1120 568 1318 620 furores,
1350 583 1471 620 quos
1503 576 1589 621 ego
1620 576 1841 620 expertus
1872 567 1999 612 novi.

495 665 678 709 Eodem
725 664 868 708 modo
899 678 1162 717 pronomen
1194 679 1282 708 me
1298 679 1325 708 a
1355 664 1683 716 accipiendum
1715 671 1784 707 est
1815 671 2001 707 nostrae
2032 661 2206 714 elegiae

494 775 540 804 v.
574 758 654 804 13:
687 774 727 811 a,
759 774 864 804 mea
894 767 1189 811 contemptus
1221 758 1437 811 quotiens
1468 758 1527 803 ad
1558 758 1720 802 limina
1750 772 1926 809 curres,
1961 756 2042 801 ubi
2084 771 2209 800 mea

495 854 712 899 limina
746 851 787 911 1)
838 869 899 886 =
949 869 976 898 a
1027 868 1113 898 me
1171 853 1594 906 frequentata,
1644 852 1703 897 cf.
1752 851 2001 902 Hartman,
2033 851 2208 904 sylloge

496 947 637 994 Cont.
668 963 714 1001 p.
746 947 817 993 23.

495 1165 591 1195 non
623 1158 692 1195 est
723 1149 801 1194 illa
830 1149 958 1203 vagis
989 1149 1151 1195 similis
1182 1150 1348 1195 collata
1379 1150 1573 1202 puellis:

614 1245 816 1290 molliter
846 1244 982 1290 irasci
1013 1259 1108 1290 non
1141 1246 1259 1290 solet
1290 1245 1367 1290 illa
1396 1244 1494 1289 tibi.

498 1339 795 1384 Pentameter
840 1339 979 1384 huius
1011 1339 1196 1384 distichi
1227 1339 1369 1384 variis
1403 1339 1555 1384 modis
1587 1347 1788 1384 tentatus
1820 1348 1902 1391 est,
1935 1340 2210 1392 nequedum

501 1434 799 1480 consentiunt
829 1434 919 1479 viri
961 1434 1101 1479 docti.
1148 1435 1245 1486 Qui
1294 1443 1475 1479 textum
1529 1434 1751 1479 traditum
1819 1434 2051 1488 integrum
2108 1450 2211 1479 esse

498 1538 675 1582 putant,
707 1529 824 1574 tibi
855 1530 1066 1574 dativum
1098 1529 1304 1574 ethicum
1324 1527 1366 1587 ⁹)
1398 1544 1501 1574 esse
1533 1538 1779 1581 annotant3
1812 1529 2023 1574 dativum
2055 1537 2211 1574 tamen

497 1626 627 1670 illum
667 1625 715 1669 in
746 1625 873 1670 hunc
905 1625 1060 1670 locum
1092 1625 1325 1678 quadrare
1356 1625 1458 1669 iure
1489 1633 1624 1678 negat
1657 1624 1949 1669 Hartmanus
1981 1639 2119 1676 „cum
2151 1625 2212 1669 de

495 1735 548 1765 re
592 1720 784 1773 agitur”‚
830 1720 982 1772 inquit
1028 1735 1178 1773 „quae
1224 1719 1378 1764 subito
1415 1728 1461 1764 et
1491 1735 1588 1765 uno
1619 1719 1844 1772 temporis
1875 1719 1925 1764 fit
1956 1728 2211 1771 momento,

497 1814 599 1859 iure
652 1829 790 1859 suum
846 1815 1002 1859 locum
1049 1814 1227 1859 obtinet
1274 1823 1320 1859 et
1351 1814 1640 1859 utillissimus
1681 1822 1751 1859 est
1781 1814 1840 1858 ad
1872 1822 2210 1867 contemptum,

496 1909 860 1962 indignationem
912 1909 1058 1954 risum
1112 1909 1395 1963 significare3
1438 1909 1671 1954 euismodi
1703 1917 1858 1954 autem
1890 1909 2083 1954 affectus
2115 1923 2211 1953 non

495 2012 655 2049 movet
700 2019 790 2056 res,
831 2019 947 2057 quas
979 2005 1138 2049 solet
1169 2004 1294 2056 fieri;
1326 2012 1372 2049 et
1403 2004 1597 2049 omnino
1629 2019 1724 2049 non
1757 2013 1826 2049 est
1859 2019 2025 2049 versus
2057 2004 2210 2048 octavi

495 2114 550 2144 ea
595 2099 825 2144 sententia
870 2099 917 2143 in
964 2114 1059 2151 qua
1104 2099 1288 2143 dativus
1335 2099 1517 2143 ethicus
1566 2099 1662 2143 ullo
1694 2100 1837 2144 modo
1868 2099 1979 2143 ferri
2022 2099 2210 2151 possit”.

497 2193 792 2248 Supersedeo
839 2209 1004 2239 omnes
1049 2194 1192 2239 citare
1223 2194 1530 2246 coniecturas,
1568 2194 1842 2248 praesertim
1874 2209 1982 2239 cum
2014 2194 2118 2239 fuse
2150 2194 2210 2239 de

493 2289 548 2334 iis
594 2289 838 2341 disputarit
884 2289 1116 2342 Wittigius
1163 2287 1423 2346 (Kritische
1471 2289 1601 2334 Bem.
1644 2306 1706 2334 zu
1746 2290 1902 2342 Prop„
1936 2290 2209 2343 Programm

494 2383 594 2428 707.
627 2382 851 2442 Dessau).
868 2384 1025 2436 Quam
1042 2384 1141 2436 ipse
1157 2385 1413 2437 proposuit,
1430 2385 1632 2437 pessima
1648 2385 1861 2430 videtur:
1878 2384 2037 2430 scribit
2054 2385 2208 2430 enim:

606 2478 808 2523 molliter
838 2478 973 2523 irasci
1004 2494 1100 2524 non
1132 2479 1250 2523 solet
1281 2480 1407 2524 ulla
1437 2479 1534 2524 tibi.

495 2573 608 2618 Eius
660 2573 1090 2626 interpretationem
1152 2582 1294 2618 totam
1355 2573 1597 2618 exscribo:
1660 2574 1782 2626 „Die
1844 2575 1945 2619 hast
2006 2574 2073 2619 sie
2126 2574 2208 2618 mit

490 2668 843 2721 leichtsinnigen
877 2668 1060 2712 Dirnen
1093 2669 1171 2712 auf
1201 2668 1307 2713 eine
1339 2668 1467 2713 Stufe
1498 2670 1690 2722 gestent,
1723 2669 1903 2722 glaubst
1934 2670 2081 2714 daher
2105 2669 2207 2714 ihre

494 2762 642 2807 Liebe
683 2761 909 2815 iederzeit
939 2763 1187 2816 gewinnen
1220 2779 1282 2808 zu
1314 2764 1521 2815 konnen,
1554 2764 1677 2808 doch
1709 2764 1773 2808 du
1805 2765 2039 2809 tiiuschest
2070 2766 2205 2809 dich:

492 2858 558 2902 sie
605 2857 662 2901 ist
708 2857 851 2902 ihnen
898 2857 1027 2902 nicht
1072 2858 1120 2902 in
1167 2858 1430 2911 geringsten
1462 2859 1675 2910 fihnlicln
1709 2859 1936 2903 wahrend
1969 2859 2067 2904 sich
2098 2859 2206 2912 iene

491 2953 600 2997 sehr
630 2961 743 3005 gern
774 2968 930 2997 neuen
963 2953 1250 2997 Bewerbern
1281 2953 1460 3006 geffillig
1490 2953 1669 3006 zeigen,
1698 2962 1850 3006 erregt
1867 2954 1976 2998 dein
1994 2954 2204 2999 Werben

492 3047 638 3091 sehon
654 3047 789 3091 ihren
807 3047 937 3091 Zorn
954 3045 1096 3103 (haec
1113 3047 1271 3091 omnia
1284 3056 1442 3091 mente
1459 3047 1665 3100 suppleri
1683 3048 1882 3099 debent;
1902 3048 2149 3093 durissime
2164 3046 2203 3106 Ξ)

491 3164 550 3171 --
583 3141 706 3185 doch
738 3141 816 3185 aut
848 3141 957 3185 dich
973 3141 1112 3194 pflegt
1128 3141 1391 3193 iiberhaupt
1408 3141 1519 3186 kein
1538 3141 1779 3197 Mfidchen
1796 3150 1875 3194 gut
1891 3158 1953 3187 zu
1970 3144 2201 3196 sprechen

408 3344 436 3390 ι)

406 3427 433 3474 ’)

488 3348 703 3383 Falsissima
728 3350 837 3391 igitur
864 3350 1047 3392 Risbergii
1073 3346 1120 3392 (p.
1145 3346 1179 3392 4)
1205 3351 1440 3385 coniectura:
1467 3362 1639 3392 amens,
1665 3358 1899 3391 contemptus
1924 3363 2000 3395 eqs.

483 3431 536 3466 sic
564 3431 820 3467 Rothsteinius
848 3429 981 3468 lacobo
1007 3439 1044 3466 et
1071 3432 1206 3477 Paleyo
1233 3433 1504 3474 praeeuntibus.
