2566 3886
1151 279 1416 325 —139—

492 425 537 454 v.
560 409 632 455 79.
657 409 714 455 80
737 411 1006 463 Lygdamus
1029 410 1258 463 imprimis
1282 409 1434 455 omnis
1452 409 1566 454 mihi
1583 424 1723 454 causa
1738 409 1959 462 querelae
1974 407 2205 453 Veneat”.

494 504 602 549 Hac
644 505 953 557 explicatione
996 519 1092 550 non
1134 513 1381 550 contentus
1419 518 1546 556 sum;
1579 519 1687 549 nam
1719 511 1912 556 quartus
1942 502 2063 548 liber
2093 502 2205 547 Pro-

492 600 642 651 pertii,
687 609 737 644 ut
780 600 921 654 vulgo
967 599 1243 645 conceditur
1278 597 1363 657 (cf.
1404 599 1672 644 Rothstein:
1707 598 1975 651 Einleitung
2005 613 2050 650 p.
2081 595 2207 655 XV)

492 703 596 747 post
639 695 916 747 secundum,
954 696 1015 740 de
1043 709 1139 748 quo
1172 710 1299 740 nunc
1330 694 1508 748 agimus
1542 694 1741 746 scriptus
1773 702 1856 745 est,
1888 701 1934 738 et
1965 700 2208 745 praeterea

490 789 595 842 quis
611 790 771 834 credat
794 789 1091 843 Propertium
1114 798 1207 834 tarn
1231 788 1432 834 obscure
1448 788 1728 834 simultatem
1761 787 2033 841 significare,
2065 802 2206 840 quam

491 884 582 929 alio
613 884 821 930 carmine
853 884 1126 929 narraverit.

491 979 546 1024 In
592 979 776 1023 Herma
818 977 874 1023 23
906 993 950 1031 p.
983 977 1039 1023 33
1071 978 1146 1023 vir
1187 978 1353 1023 doctus
1398 977 1512 1023 Otto
1556 978 1714 1022 denuo
1758 985 1936 1023 textum
1984 977 2204 1021 traditum

491 1073 610 1118 tueri
626 1081 820 1118 conatus
836 1080 905 1118 est
924 1081 1087 1117 contra
1110 1072 1383 1118 Baehrensii
1406 1072 1749 1118 coniecturam:
1772 1073 1877 1116 deo
1956 1071 2206 1122 sinistro;

489 1176 727 1221 comparat
757 1167 884 1213 enim
917 1182 1083 1212 versus
1114 1166 1186 1212 49.
1219 1166 1300 1212 50:

639 1272 685 1308 et
716 1278 878 1308 rursus
909 1277 1108 1315 puerum
1141 1263 1415 1315 quaerendo
1446 1262 1604 1307 audita
1634 1262 1787 1316 fatigat

756 1372 913 1410 quem,
945 1372 1066 1410 quae
1098 1357 1217 1402 scire
1248 1358 1392 1409 timet,
1424 1372 1653 1410 quaerere
1684 1357 1819 1410 plura
1850 1356 1992 1408 iubet,

488 1453 571 1497 sed
616 1467 849 1505 nusquam
893 1452 940 1497 in
982 1452 1054 1498 his
1097 1452 1313 1497 versibus
1352 1452 1604 1505 quicquam
1644 1452 1853 1505 legimus,
1891 1452 2019 1505 quod
2059 1451 2206 1496 verba

487 1548 537 1593 si
579 1548 743 1593 forte
785 1547 946 1593 irata
986 1548 1066 1593 sit
1107 1548 1273 1593 iacta
1309 1563 1441 1593 meo
1479 1547 1776 1593 ministro
1813 1548 2027 1600 explicet.
2067 1547 2205 1599 Quae

485 1643 612 1688 enim
652 1642 767 1688 Otto
803 1643 958 1688 addit:
997 1643 1238 1696 „Properz
1274 1643 1484 1688 schickte
1522 1643 1684 1688 seinen
1724 1641 1918 1692 Diener,
1950 1640 2076 1685 wohl
2108 1641 2201 1685 den

487 1738 769 1791 Lygdamus,
811 1754 874 1783 zu
916 1737 1138 1791 Cynthia,
1180 1738 1317 1783 allein
1359 1739 1489 1783 diese
1530 1737 1644 1782 wies
1688 1737 1770 1782 das
1804 1736 2074 1789 Verlangen
2117 1736 2201 1781 des

488 1833 651 1878 Herrn
683 1833 730 1878 in
763 1834 964 1880 briisker
992 1834 1152 1880 Weise
1182 1835 1365 1880 zuriick
1397 1835 1495 1880 und
1527 1835 1634 1879 liess
1666 1833 1768 1878 ihre
1802 1833 2045 1886 Erregung
2076 1832 2200 1877 noch

486 1928 707 1974 iiberdies
742 1945 801 1974 an
840 1930 948 1975 dem
981 1930 1321 1984 unschuldigen
1355 1930 1535 1975 Diener
1566 1930 1692 1981 aus''‚
1725 1929 1771 1974 in
1804 1927 2020 1973 versibus
2051 1927 2199 1972 citatis

486 2023 707 2076 equidem
740 2024 954 2070 invenire
986 2026 1116 2070 nullo
1147 2026 1290 2070 modo
1322 2040 1527 2078 possum.

487 2118 781 2164 Rothsteinio
803 2120 961 2165 omnia
976 2120 1081 2166 luce
1101 2121 1432 2166 clariora-sunt:
1452 2119 1611 2173 „Meo
1643 2120 1761 2164 min
1776 2119 1790 2164 i
1804 2127 1932 2164 stro
1965 2118 2022 2164 ist
2044 2118 2202 2170 Dativ,

486 2214 615 2259 nicht
638 2229 732 2259 von
759 2214 874 2259 irata
895 2215 1135 2270 abhangig‚
1160 2217 1366 2261 sondern
1390 2232 1486 2262 von
1518 2216 1679 2261 irata
1711 2216 1805 2261 fac
1820 2224 1874 2260 ta
1905 2215 2034 2260 nicht
2056 2214 2203 2259 iiber

487 2309 732 2354 meinen
766 2310 1016 2363 Diener,
1042 2312 1248 2356 sondern
1275 2311 1539 2356 meinem
1573 2311 1812 2356 Diener
1842 2309 2201 2364 gegeniiber.

489 2404 590 2448 Der
628 2404 827 2450 Dichter
872 2406 1019 2450 denkt
1065 2421 1123 2450 an
1172 2407 1265 2451 den
1314 2406 1430 2459 Fall,
1478 2407 1584 2451 dass
1631 2406 1730 2451 sein
1764 2406 1959 2457 Diener,
1992 2406 2078 2450 der
2119 2405 2203 2449 mit

487 2499 618 2544 einer
653 2500 920 2554 Bestellung
946 2517 1007 2546 zu
1032 2501 1188 2546 seiner
1211 2501 1461 2547 Geliebten
1494 2503 1690 2554 kommt,
1722 2517 1817 2547 von
1850 2502 1923 2546 ihr
1954 2501 2038 2546 mit
2069 2501 2201 2546 einer

485 2594 878 2641 unireundlichen
910 2595 1132 2641 Antwort
1162 2597 1344 2641 zuriick
1376 2596 1614 2650 geschickt
1652 2597 1786 2649 wird,
1824 2597 1915 2641 wie
1953 2611 2004 2641 es
2036 2596 2083 2641 in
2115 2596 2201 2641 der

489 2689 648 2744 Elegie
681 2690 766 2735 ΙΙΙ.
798 2691 827 2736 6
858 2691 1138 2744 geschildert
1168 2692 1332 2737 wird”.
1361 2692 1535 2745 Neque
1553 2694 1673 2737 hanc
1695 2691 2018 2737 defensionem
2036 2691 2199 2744 probo.

486 2785 742 2836 Quomodo
758 2787 962 2839 legentes
979 2787 1234 2840 intelligere
1251 2797 1445 2840 possunt
1477 2802 1608 2832 meo
1640 2787 1934 2832 ministro
1966 2801 2023 2831 eo
2057 2786 2200 2831 modo

485 2879 813 2932 explicandum
848 2896 964 2932 esse,
997 2889 1048 2926 ut
1078 2881 1401 2927 Rothsteinius
1432 2881 1570 2926 vult?
1602 2881 1649 2927 Si
1681 2882 1786 2934 quis
1819 2881 2061 2926 Romanus
2082 2881 2198 2925 haec

485 2973 678 3026 legebat,
710 2973 1066 3028 intellegebatne
1097 2976 1248 3021 statim
1281 2976 1428 3021 verba
1458 2985 1638 3029 poetae,
1670 2992 1727 3022 eo
1759 2977 1902 3021 modo
1934 2991 2029 3028 quo
2056 2975 2199 3020 Roth-

489 3067 718 3112 steinius?
749 3068 864 3113 Non
896 3069 1080 3121 opinor.

486 3162 623 3213 Quae
666 3163 704 3207 si
747 3171 873 3208 recte
915 3164 1146 3217 disputata
1188 3173 1308 3216 sunt,
1350 3174 1555 3218 apparet,
1599 3165 1890 3210 correctione
1931 3180 2050 3218 opus
2081 3179 2197 3209 esse.

487 3257 699 3302 Maxime
744 3266 899 3303 autem
931 3259 1083 3310 placet
1114 3259 1386 3304 Baehrensii
1417 3259 1699 3311 coniectura,
1731 3275 1872 3312 quam
1907 3259 2198 3304 Hartmanus

485 3366 675 3404 quoque
706 3367 868 3398 veram
900 3353 1053 3398 ducit:

638 3454 716 3492 aut
758 3446 796 3492 si
835 3446 956 3493 forte
988 3447 1102 3494 irata
1132 3448 1246 3494 deo
1278 3448 1339 3494 sit
1368 3448 1488 3494 facta
1519 3449 1797 3495 sinistro.
