2566 3886
1066 271 1332 318 -101—

417 413 565 450 totum
608 419 798 449 carmen
841 403 901 448 ab
943 402 1075 448 initio
1118 417 1267 457 usque
1309 403 1368 447 ad
1407 403 1549 448 finem
1581 403 1888 456 expressisse:
1920 403 1991 448 cf:

535 515 581 544 v.
645 499 668 544 1
717 499 846 544 iste
895 499 1022 552 quod
1055 507 1138 551 est,
1169 507 1255 552 ego
1286 513 1426 552 saepe
1457 499 1521 543 fui

535 610 580 639 v.
613 594 669 639 23
716 594 822 639 hic
867 594 1005 639 etiam
1038 594 1209 646 petitur

533 706 579 734 v.
611 689 668 734 28
715 689 821 734 hic
840 687 881 747 1)
913 689 993 734 ubi
1025 697 1138 741 tum,
1170 704 1257 743 pro
1289 689 1337 734 di
1368 704 1466 743 eqs.

416 785 549 830 Idem
595 793 722 829 recte
768 785 988 829 admonet
1035 784 1346 837 Propertium,
1394 799 1502 829 cum
1549 785 1609 829 de
1656 800 1739 829 sua
1780 763 1874 830 fide
1915 786 2131 839 loquatur

413 881 692 933 plerumque
738 880 798 924 de
843 879 993 924 aliena
1039 879 1234 933 perfidia
1266 880 1516 932 disputare,
1549 880 1606 924 cl.
1640 880 1676 931 I,
1712 878 1779 924 19.
1815 879 1955 932 1—7;
1989 880 2024 932 Ι,
2061 879 2129 924 12.

416 973 602 1026 15—20,
636 974 697 1026 ΙΙ,
732 973 800 1018 17.
836 974 904 1018 17.

412 1068 547 1114 Nihil
578 1068 713 1122 igitur
744 1069 790 1113 in
822 1078 919 1114 toto
950 1069 1157 1114 carmine
1189 1069 1421 1121 desidero,
1453 1070 1705 1124 omniaque
1728 1070 1851 1115 bene
1867 1072 2127 1123 procedere

412 1164 526 1209 mihi
557 1178 830 1216 persuasum
862 1172 944 1209 est.

1021 1400 1277 1447 ELEGIA
1308 1402 1370 1447 X.

409 1530 535 1577 Cum
568 1530 681 1576 mihi
713 1546 808 1576 non
840 1531 887 1576 in
919 1531 1077 1576 animo
1109 1532 1165 1576 sit
1196 1533 1256 1576 de
1289 1532 1554 1577 difficillima
1570 1532 1646 1577 illa
1663 1534 1950 1587 quaestione,
1967 1543 2123 1580 utrum

407 1626 526 1672 liber
556 1627 804 1678 secundus,
836 1642 978 1680 quem
1011 1626 1146 1671 nobis
1178 1628 1366 1671 tradunt
1398 1627 1599 1680 codices,
1618 1627 1665 1672 in
1699 1629 1814 1673 duas
1831 1638 1986 1682 partes
2008 1630 2124 1675 divi-

407 1722 590 1767 dendus
621 1722 678 1767 sit
710 1737 874 1774 necne,
907 1722 982 1767 hic
1012 1722 1116 1767 fuse
1148 1722 1398 1776 disputare,
1432 1738 1558 1768 nunc
1591 1723 1638 1768 id
1670 1732 1848 1769 tantum
1867 1725 2123 1777 profitebor

407 1832 483 1862 me
515 1831 609 1862 non
642 1832 750 1861 cum
784 1816 931 1861 Birtio
963 1817 1157 1870 eiusque
1175 1817 1360 1862 asseclis
1383 1826 1518 1870 stare,
1536 1834 1820 1872 quamquam
1841 1819 2120 1866 Rothsteinii

405 1920 676 1966 argumenta
719 1912 889 1966 quibus
934 1912 1130 1957 Birtium
1175 1912 1389 1958 refellere
1433 1922 1627 1958 conatus
1671 1923 1740 1959 est
1784 1915 1985 1967 probare
2024 1932 2118 1961 non

407 2022 611 2061 possum.

408 2102 697 2147 Felicissime
740 2110 883 2147 totam
927 2118 1028 2147 rem
1070 2103 1282 2148 tractavit
1314 2103 1388 2148 vir
1419 2104 1584 2149 doctus
1616 2104 1950 2151 Fleischmann
1982 2104 2121 2165 (Pro-

403 2206 581 2250 gramm
626 2197 709 2242 des
753 2197 832 2241 kk.
878 2196 1191 2242 Staats·Ober.
1233 2207 1441 2251 gymnas.
1486 2199 1534 2243 in
1583 2199 1750 2244 Bielitz
1799 2199 1928 2253 1895,
1979 2201 2119 2260 1896)

403 2292 588 2337 duobus
643 2292 824 2344 libellis,
884 2293 1055 2346 quibus
1114 2293 1272 2338 titulus
1331 2294 1675 2345 „Quaestiones
1729 2295 2118 2351 Propertianae’';

405 2396 646 2441 praeterea
676 2388 963 2433 conferenda
994 2397 1102 2433 sunt
1133 2404 1188 2433 ea
1219 2404 1339 2442 quae
1372 2390 1554 2442 scripsit
1586 2390 1659 2435 vir
1700 2392 1865 2436 doctus
1899 2392 2118 2437 Lechner

403 2479 702 2540 (Programm
738 2483 822 2528 des
853 2484 943 2536 kgl.
976 2484 1165 2528 human.
1199 2484 1376 2537 Gymn.
1411 2485 1662 2538 Bayreuth‚
1698 2484 1852 2544 1907).
2110 2474 2115 2478 ’

407 2577 548 2629 Quod
566 2577 624 2622 ad
642 2586 847 2623 nostram
862 2579 1055 2632 elegiam
1074 2588 1119 2623 et
1135 2589 1408 2633 sequentem
1426 2581 1600 2633 attinet,
1619 2582 1813 2627 minime
1845 2582 2016 2627 mirum
2049 2592 2118 2627 est

405 2673 495 2717 hoc
512 2672 803 2724 potissimum
820 2674 924 2718 loco
940 2675 1030 2718 tale
1047 2689 1236 2719 carmen
1251 2691 1277 2719 a
1294 2684 1430 2728 poeta
1446 2676 1648 2728 positum
1667 2693 1782 2729 esse,
1801 2679 1927 2731 quod
1946 2694 2117 2724 moneo

404 2775 595 2820 propter
627 2767 823 2812 Birtium
856 2767 903 2812 in
936 2768 1056 2813 libro
1088 2784 1173 2814 suo
1205 2771 1265 2814 de
1285 2785 1336 2814 re
1353 2771 1541 2815 libraria
1557 2769 1787 2828 (Antikes
1805 2772 2114 2827 Buchwesen,

403 2877 447 2914 p.
492 2861 606 2920 419)
652 2863 717 2907 sic
749 2863 1058 2908 scribentem:
1092 2864 1476 2916 „Unabweislich
1508 2866 1565 2911 ist
1597 2867 1682 2911 der
1716 2866 1974 2919 Eindruck‚
2007 2869 2114 2913 dass

404 2957 486 3001 das
530 2956 736 3002 Gedicht
768 2991 778 3001 .
798 2991 808 3001 .
828 2991 865 3002 ..
898 2959 1112 3003 inmitten
1145 2959 1293 3004 vieler
1338 2961 1659 3006 Liebeslieder
1706 2963 1941 3007 durchaus
1988 2965 2114 3016 plan-

403 3051 472 3095 los
515 3051 612 3095 und
654 3052 872 3096 verloren
905 3053 1068 3097 steht''.
1102 3052 1195 3098 Cui
1228 3062 1313 3107 ego
1349 3055 1473 3099 Itesii
1506 3055 1664 3099 verbis
1696 3053 1798 3113 (De
1835 3056 1974 3109 Prop.
1999 3058 2113 3110 eleg.

403 3145 524 3190 inter
554 3161 604 3191 se
635 3147 840 3199 conexis,
874 3163 918 3201 p.
951 3146 1035 3202 24)
1066 3149 1387 3201 respondebo:
1422 3150 1624 3203 „elegiae
1659 3150 1714 3194 10
1746 3159 1791 3194 et
1826 3150 1876 3194 ll
1911 3160 2015 3204 post
2035 3167 2113 3196 eas

403 3256 523 3294 quae
566 3242 860 3294 antecedunt,
908 3243 1038 3295 quasi
1086 3244 1206 3288 ultro
1253 3259 1303 3288 se
1349 3245 1574 3289 offerunt:
1621 3260 1804 3290 amores
1836 3246 1894 3289 ad
1927 3253 2111 3298 tempus

402 3335 594 3388 quidem
635 3336 831 3381 absoluti
875 3346 982 3382 sunt
1017 3335 1169 3395 (solus
1212 3354 1294 3383 ero
1326 3340 1546 3392 quoniam
1579 3355 1674 3384 non
1706 3340 1813 3384 licet
1844 3355 1946 3385 esse
1977 3349 2109 3385 tuum

317 3451 349 3498 ¹)
396 3467 470 3491 non
495 3467 578 3491 cum
605 3456 801 3500 Suringaro
830 3459 916 3494 dic
942 3460 1135 3502 legendum
1163 3468 1232 3497 est.
