<?xml version="1.0" encoding="UTF-8"?>
<!DOCTYPE html PUBLIC "-//W3C//DTD XHTML 1.0 Transitional//EN"
    "http://www.w3.org/TR/xhtml1/DTD/xhtml1-transitional.dtd">
<html xmlns="http://www.w3.org/1999/xhtml" xml:lang="en" lang="en">
 <head>
  <title>
</title>
<meta http-equiv="Content-Type" content="text/html;charset=utf-8" />
  <meta name='ocr-system' content='tesseract 3.04.00' />
  <meta name='ocr-capabilities' content='ocr_page ocr_carea ocr_par ocr_line ocrx_word'/>
</head>
<body>
  <div class='ocr_page' id='page_1' title='image "./adpropertiicarmi00enkpuoft_0357.png"; bbox 0 0 2566 3886; ppageno 0'>
   <div class='ocr_carea' id='block_1_1' title="bbox 351 809 422 855">
    <p class='ocr_par' dir='ltr' id='par_1_1' title="bbox 351 809 422 855">
     <span class='ocr_line' id='line_1_1' title="bbox 351 809 422 855; baseline -0.014 0"><span class='ocrx_word' id='word_1_1' title='bbox 351 809 422 855; x_wconf 87' lang='lat'><strong>87.</strong></span> 
     </span>
    </p>
   </div>
   <div class='ocr_carea' id='block_1_2' title="bbox 1139 278 1405 324">
    <p class='ocr_par' dir='ltr' id='par_1_2' title="bbox 1139 278 1405 324">
     <span class='ocr_line' id='line_1_2' title="bbox 1139 278 1405 324; baseline 0.004 -1"><span class='ocrx_word' id='word_1_2' title='bbox 1139 278 1405 324; x_wconf 87' lang='lat'>—341—</span> 
     </span>
    </p>
   </div>
   <div class='ocr_carea' id='block_1_3' title="bbox 482 408 2199 652">
    <p class='ocr_par' dir='ltr' id='par_1_3' title="bbox 482 408 2199 652">
     <span class='ocr_line' id='line_1_3' title="bbox 482 408 2197 463; baseline 0.001 -11"><span class='ocrx_word' id='word_1_3' title='bbox 482 408 531 452; x_wconf 91' lang='lat' dir='ltr'><strong>in</strong></span> <span class='ocrx_word' id='word_1_4' title='bbox 578 408 726 460; x_wconf 80' lang='lat' dir='ltr'><strong>ipsam</strong></span> <span class='ocrx_word' id='word_1_5' title='bbox 772 409 983 453; x_wconf 79' lang='lat' dir='ltr'><strong>lecticam</strong></span> <span class='ocrx_word' id='word_1_6' title='bbox 1029 408 1284 460; x_wconf 78' lang='lat' dir='ltr'><strong>transferri,</strong></span> <span class='ocrx_word' id='word_1_7' title='bbox 1330 423 1391 453; x_wconf 90' lang='lat' dir='ltr'><strong>ne</strong></span> <span class='ocrx_word' id='word_1_8' title='bbox 1429 417 1527 453; x_wconf 91' lang='lat' dir='ltr'><strong>tum</strong></span> <span class='ocrx_word' id='word_1_9' title='bbox 1559 410 1753 461; x_wconf 89' lang='lat' dir='ltr'><strong>quidem</strong></span> <span class='ocrx_word' id='word_1_10' title='bbox 1791 418 1918 454; x_wconf 90' lang='lat' dir='ltr'><strong>recte</strong></span> <span class='ocrx_word' id='word_1_11' title='bbox 1950 424 2001 454; x_wconf 92' lang='lat' dir='ltr'><strong>se</strong></span> <span class='ocrx_word' id='word_1_12' title='bbox 2032 409 2197 463; x_wconf 70' lang='lat' dir='ltr'><strong>habetg</strong></span> 
     </span>
     <span class='ocr_line' id='line_1_4' title="bbox 483 503 2199 557; baseline 0.001 -10"><span class='ocrx_word' id='word_1_13' title='bbox 483 511 635 547; x_wconf 86' lang='lat' dir='ltr'><strong>textus</strong></span> <span class='ocrx_word' id='word_1_14' title='bbox 665 503 872 556; x_wconf 86' lang='lat' dir='ltr'><strong>traditus,</strong></span> <span class='ocrx_word' id='word_1_15' title='bbox 905 503 943 548; x_wconf 93' lang='lat' dir='ltr'><strong>si</strong></span> <span class='ocrx_word' id='word_1_16' title='bbox 974 503 1225 557; x_wconf 90' lang='lat' dir='ltr'><strong>quicquam</strong></span> <span class='ocrx_word' id='word_1_17' title='bbox 1256 503 1492 556; x_wconf 77' lang='lat' dir='ltr'><strong>significat,</strong></span> <span class='ocrx_word' id='word_1_18' title='bbox 1524 504 1631 548; x_wconf 75' lang='lat' dir='ltr'><strong>lacit</strong></span> <span class='ocrx_word' id='word_1_19' title='bbox 1657 512 1708 549; x_wconf 89' lang='lat' dir='ltr'><strong>ut</strong></span> <span class='ocrx_word' id='word_1_20' title='bbox 1723 513 1873 557; x_wconf 80' lang='lat' dir='ltr'><strong>roges,</strong></span> <span class='ocrx_word' id='word_1_21' title='bbox 1896 519 2011 549; x_wconf 91' lang='lat' dir='ltr'><strong>num</strong></span> <span class='ocrx_word' id='word_1_22' title='bbox 2028 505 2199 549; x_wconf 92' lang='lat' dir='ltr'><strong>sudent</strong></span> 
     </span>
     <span class='ocr_line' id='line_1_5' title="bbox 485 597 2196 652; baseline 0.001 -10"><span class='ocrx_word' id='word_1_23' title='bbox 485 597 609 642; x_wconf 86' lang='lat' dir='ltr'><strong>servi</strong></span> <span class='ocrx_word' id='word_1_24' title='bbox 641 613 743 642; x_wconf 87' lang='lat' dir='ltr'><strong>eam</strong></span> <span class='ocrx_word' id='word_1_25' title='bbox 761 598 822 643; x_wconf 95' lang='lat' dir='ltr'><strong>ob</strong></span> <span class='ocrx_word' id='word_1_26' title='bbox 838 613 1040 650; x_wconf 87' lang='lat' dir='ltr'><strong>causam,</strong></span> <span class='ocrx_word' id='word_1_27' title='bbox 1058 598 1185 652; x_wconf 91' lang='lat' dir='ltr'><strong>quod</strong></span> <span class='ocrx_word' id='word_1_28' title='bbox 1202 598 1365 642; x_wconf 84' lang='lat' dir='ltr'><strong>lectica</strong></span> <span class='ocrx_word' id='word_1_29' title='bbox 1380 606 1540 650; x_wconf 88' lang='lat' dir='ltr'><strong>aperta</strong></span> <span class='ocrx_word' id='word_1_30' title='bbox 1552 599 1623 643; x_wconf 92' lang='lat' dir='ltr'><strong>sit.</strong></span> <span class='ocrx_word' id='word_1_31' title='bbox 1642 598 1752 643; x_wconf 91' lang='lat' dir='ltr'><strong>Hoc</strong></span> <span class='ocrx_word' id='word_1_32' title='bbox 1767 607 1923 644; x_wconf 91' lang='lat' dir='ltr'><strong>tamen</strong></span> <span class='ocrx_word' id='word_1_33' title='bbox 1939 599 2196 644; x_wconf 89' lang='lat' dir='ltr'><strong>absurdum</strong></span> 
     </span>
    </p>
   </div>
   <div class='ocr_carea' id='block_1_4' title="bbox 484 692 1881 746">
    <p class='ocr_par' dir='ltr' id='par_1_4' title="bbox 484 692 1881 746">
     <span class='ocr_line' id='line_1_6' title="bbox 484 692 1881 746; baseline 0.001 -9"><span class='ocrx_word' id='word_1_34' title='bbox 484 701 566 737; x_wconf 87' lang='lat' dir='ltr'><strong>est.</strong></span> <span class='ocrx_word' id='word_1_35' title='bbox 599 692 724 746; x_wconf 77' lang='lat' dir='ltr'><strong>Ergo</strong></span> <span class='ocrx_word' id='word_1_36' title='bbox 755 708 863 738; x_wconf 91' lang='lat' dir='ltr'><strong>cum</strong></span> <span class='ocrx_word' id='word_1_37' title='bbox 896 692 1105 738; x_wconf 88' lang='lat' dir='ltr'><strong>Grutero</strong></span> <span class='ocrx_word' id='word_1_38' title='bbox 1136 701 1182 738; x_wconf 91' lang='lat' dir='ltr'><strong>et</strong></span> <span class='ocrx_word' id='word_1_39' title='bbox 1214 692 1416 737; x_wconf 89' lang='lat' dir='ltr'><strong>Heinsio</strong></span> <span class='ocrx_word' id='word_1_40' title='bbox 1447 708 1468 737; x_wconf 94' lang='lat' dir='ltr'><strong>s</strong></span> <span class='ocrx_word' id='word_1_41' title='bbox 1485 709 1512 737; x_wconf 93' lang='lat' dir='ltr'><strong>e</strong></span> <span class='ocrx_word' id='word_1_42' title='bbox 1553 694 1584 737; x_wconf 95' lang='lat' dir='ltr'><strong>d</strong></span> <span class='ocrx_word' id='word_1_43' title='bbox 1602 702 1659 738; x_wconf 91' lang='lat' dir='ltr'><strong>et</strong></span> <span class='ocrx_word' id='word_1_44' title='bbox 1690 708 1881 746; x_wconf 86' lang='lat' dir='ltr'><strong>repone.</strong></span> 
     </span>
    </p>
   </div>
   <div class='ocr_carea' id='block_1_5' title="bbox 477 810 2197 1622">
    <p class='ocr_par' dir='ltr' id='par_1_5' title="bbox 483 810 1567 864">
     <span class='ocr_line' id='line_1_7' title="bbox 483 810 1567 864; baseline 0 -9"><span class='ocrx_word' id='word_1_45' title='bbox 483 819 622 864; x_wconf 89' lang='lat' dir='ltr'><strong>atque</strong></span> <span class='ocrx_word' id='word_1_46' title='bbox 653 811 715 855; x_wconf 89' lang='lat' dir='ltr'><strong>ita</strong></span> <span class='ocrx_word' id='word_1_47' title='bbox 746 819 922 856; x_wconf 91' lang='lat' dir='ltr'><strong>mutato</strong></span> <span class='ocrx_word' id='word_1_48' title='bbox 952 826 1038 864; x_wconf 90' lang='lat' dir='ltr'><strong>per</strong></span> <span class='ocrx_word' id='word_1_49' title='bbox 1068 810 1247 864; x_wconf 79' lang='lat' dir='ltr'><strong>singula</strong></span> <span class='ocrx_word' id='word_1_50' title='bbox 1276 810 1415 864; x_wconf 89' lang='lat' dir='ltr'><strong>pallia</strong></span> <span class='ocrx_word' id='word_1_51' title='bbox 1445 812 1567 856; x_wconf 90' lang='lat' dir='ltr'><strong>lecto</strong></span> 
     </span>
    </p>

    <p class='ocr_par' dir='ltr' id='par_1_6' title="bbox 477 905 2197 1622">
     <span class='ocr_line' id='line_1_8' title="bbox 541 905 1549 958; baseline 0 -8"><span class='ocrx_word' id='word_1_52' title='bbox 541 906 778 958; x_wconf 87' lang='lat' dir='ltr'><strong>respondi,</strong></span> <span class='ocrx_word' id='word_1_53' title='bbox 810 915 856 950; x_wconf 93' lang='lat' dir='ltr'><strong>et</strong></span> <span class='ocrx_word' id='word_1_54' title='bbox 886 914 984 951; x_wconf 88' lang='lat' dir='ltr'><strong>toto</strong></span> <span class='ocrx_word' id='word_1_55' title='bbox 1015 905 1241 951; x_wconf 88' lang='lat' dir='ltr'><strong>solvimus</strong></span> <span class='ocrx_word' id='word_1_56' title='bbox 1272 920 1402 950; x_wconf 91' lang='lat' dir='ltr'><strong>arma</strong></span> <span class='ocrx_word' id='word_1_57' title='bbox 1431 914 1549 951; x_wconf 91' lang='lat' dir='ltr'><strong>toro.</strong></span> 
     </span>
     <span class='ocr_line' id='line_1_9' title="bbox 483 997 2197 1058; baseline 0 -13"><span class='ocrx_word' id='word_1_58' title='bbox 483 1000 597 1045; x_wconf 90' lang='lat' dir='ltr'><strong>Non</strong></span> <span class='ocrx_word' id='word_1_59' title='bbox 629 1000 818 1054; x_wconf 76' lang='lat' dir='ltr'><strong>contigit</strong></span> <span class='ocrx_word' id='word_1_60' title='bbox 855 1000 1073 1045; x_wconf 91' lang='lat' dir='ltr'><strong>Vahleno</strong></span> <span class='ocrx_word' id='word_1_61' title='bbox 1110 997 1407 1058; x_wconf 67' lang='lat' dir='ltr'><strong>(Mon-PnA</strong></span> <span class='ocrx_word' id='word_1_62' title='bbox 1451 999 1562 1045; x_wconf 90' lang='lat'>1881</span> <span class='ocrx_word' id='word_1_63' title='bbox 1606 1016 1651 1054; x_wconf 89' lang='lat' dir='ltr'><strong>p.</strong></span> <span class='ocrx_word' id='word_1_64' title='bbox 1695 998 1809 1057; x_wconf 89' lang='grc'>352)</span> <span class='ocrx_word' id='word_1_65' title='bbox 1852 1015 2008 1054; x_wconf 90' lang='lat' dir='ltr'><strong>neque</strong></span> <span class='ocrx_word' id='word_1_66' title='bbox 2054 1000 2197 1045; x_wconf 89' lang='lat' dir='ltr'><strong>Roth·</strong></span> 
     </span>
     <span class='ocr_line' id='line_1_10' title="bbox 480 1093 2194 1147; baseline -0.001 -7"><span class='ocrx_word' id='word_1_67' title='bbox 480 1094 661 1147; x_wconf 86' lang='lat' dir='ltr'><strong>steinio,</strong></span> <span class='ocrx_word' id='word_1_68' title='bbox 719 1103 769 1139; x_wconf 92' lang='lat' dir='ltr'><strong>ut</strong></span> <span class='ocrx_word' id='word_1_69' title='bbox 826 1110 994 1139; x_wconf 89' lang='lat' dir='ltr'><strong>vocem</strong></span> <span class='ocrx_word' id='word_1_70' title='bbox 1052 1110 1077 1138; x_wconf 91' lang='lat' dir='ltr'><strong>r</strong></span> <span class='ocrx_word' id='word_1_71' title='bbox 1093 1109 1120 1139; x_wconf 90' lang='lat' dir='ltr'><strong>e</strong></span> <span class='ocrx_word' id='word_1_72' title='bbox 1138 1109 1159 1139; x_wconf 96' lang='lat' dir='ltr'><strong>s</strong></span> <span class='ocrx_word' id='word_1_73' title='bbox 1176 1109 1207 1147; x_wconf 90' lang='lat' dir='ltr'>p</span> <span class='ocrx_word' id='word_1_74' title='bbox 1223 1109 1252 1139; x_wconf 93' lang='grc' dir='ltr'><strong>ο</strong></span> <span class='ocrx_word' id='word_1_75' title='bbox 1270 1094 1378 1138; x_wconf 90' lang='lat' dir='ltr'><strong>ndi</strong></span> <span class='ocrx_word' id='word_1_76' title='bbox 1431 1109 1459 1138; x_wconf 90' lang='lat' dir='ltr'><strong>a</strong></span> <span class='ocrx_word' id='word_1_77' title='bbox 1513 1094 1779 1147; x_wconf 88' lang='lat' dir='ltr'><strong>suspicione</strong></span> <span class='ocrx_word' id='word_1_78' title='bbox 1826 1094 2100 1139; x_wconf 87' lang='lat' dir='ltr'><strong>vindicaret.</strong></span> <span class='ocrx_word' id='word_1_79' title='bbox 2146 1093 2194 1139; x_wconf 91' lang='lat' dir='ltr'><strong>Si</strong></span> 
     </span>
     <span class='ocr_line' id='line_1_11' title="bbox 480 1188 2197 1242; baseline 0 -9"><span class='ocrx_word' id='word_1_80' title='bbox 480 1189 681 1234; x_wconf 87' lang='lat' dir='ltr'><strong>verbum</strong></span> <span class='ocrx_word' id='word_1_81' title='bbox 713 1204 773 1234; x_wconf 89' lang='lat' dir='ltr'><strong>ex</strong></span> <span class='ocrx_word' id='word_1_82' title='bbox 804 1204 945 1234; x_wconf 87' lang='lat' dir='ltr'><strong>versu</strong></span> <span class='ocrx_word' id='word_1_83' title='bbox 976 1188 1031 1233; x_wconf 90' lang='grc'><strong>81</strong></span> <span class='ocrx_word' id='word_1_84' title='bbox 1066 1190 1241 1234; x_wconf 90' lang='lat' dir='ltr'><strong>illatum</strong></span> <span class='ocrx_word' id='word_1_85' title='bbox 1274 1196 1356 1240; x_wconf 89' lang='lat' dir='ltr'><strong>est,</strong></span> <span class='ocrx_word' id='word_1_86' title='bbox 1389 1203 1510 1242; x_wconf 90' lang='lat' dir='ltr'><strong>quae</strong></span> <span class='ocrx_word' id='word_1_87' title='bbox 1541 1188 1796 1242; x_wconf 85' lang='lat' dir='ltr'><strong>probabilis</strong></span> <span class='ocrx_word' id='word_1_88' title='bbox 1828 1197 1898 1234; x_wconf 90' lang='lat' dir='ltr'><strong>est</strong></span> <span class='ocrx_word' id='word_1_89' title='bbox 1928 1188 2197 1234; x_wconf 91' lang='lat' dir='ltr'><strong>coniectura</strong></span> 
     </span>
     <span class='ocr_line' id='line_1_12' title="bbox 481 1282 2195 1337; baseline 0 -9"><span class='ocrx_word' id='word_1_90' title='bbox 481 1283 712 1337; x_wconf 79' lang='lat' dir='ltr'><strong>Postgatii,</strong></span> <span class='ocrx_word' id='word_1_91' title='bbox 758 1284 929 1328; x_wconf 86' lang='lat' dir='ltr'><strong>frustra</strong></span> <span class='ocrx_word' id='word_1_92' title='bbox 974 1283 1087 1337; x_wconf 90' lang='lat' dir='ltr'><strong>quid</strong></span> <span class='ocrx_word' id='word_1_93' title='bbox 1137 1284 1236 1336; x_wconf 90' lang='lat' dir='ltr'><strong>ipse</strong></span> <span class='ocrx_word' id='word_1_94' title='bbox 1282 1292 1420 1337; x_wconf 89' lang='lat' dir='ltr'><strong>poeta</strong></span> <span class='ocrx_word' id='word_1_95' title='bbox 1451 1283 1648 1336; x_wconf 90' lang='lat' dir='ltr'><strong>dederit,</strong></span> <span class='ocrx_word' id='word_1_96' title='bbox 1680 1283 1963 1336; x_wconf 87' lang='lat' dir='ltr'><strong>quaerimus.</strong></span> <span class='ocrx_word' id='word_1_97' title='bbox 1996 1282 2195 1328; x_wconf 90' lang='lat' dir='ltr'><strong>Sensum</strong></span> 
     </span>
     <span class='ocr_line' id='line_1_13' title="bbox 480 1377 2195 1432; baseline 0.001 -10"><span class='ocrx_word' id='word_1_98' title='bbox 480 1378 676 1422; x_wconf 89' lang='lat' dir='ltr'><strong>restituit</strong></span> <span class='ocrx_word' id='word_1_99' title='bbox 708 1377 930 1422; x_wconf 89' lang='lat' dir='ltr'><strong>Muelleri</strong></span> <span class='ocrx_word' id='word_1_100' title='bbox 962 1379 1256 1423; x_wconf 82' lang='lat' dir='ltr'><strong>coniectura:</strong></span> <span class='ocrx_word' id='word_1_101' title='bbox 1288 1393 1375 1423; x_wconf 89' lang='lat' dir='ltr'><strong>res</strong></span> <span class='ocrx_word' id='word_1_102' title='bbox 1412 1387 1585 1431; x_wconf 90' lang='lat' dir='ltr'><strong>pacta,</strong></span> <span class='ocrx_word' id='word_1_103' title='bbox 1617 1394 1737 1432; x_wconf 90' lang='lat' dir='ltr'><strong>quae</strong></span> <span class='ocrx_word' id='word_1_104' title='bbox 1768 1379 1907 1423; x_wconf 90' lang='lat' dir='ltr'><strong>valde</strong></span> <span class='ocrx_word' id='word_1_105' title='bbox 1938 1378 2125 1430; x_wconf 86' lang='lat' dir='ltr'><strong>arridet,</strong></span> <span class='ocrx_word' id='word_1_106' title='bbox 2158 1378 2195 1423; x_wconf 91' lang='lat' dir='ltr'><strong>si</strong></span> 
     </span>
     <span class='ocr_line' id='line_1_14' title="bbox 478 1472 2194 1526; baseline 0.001 -10"><span class='ocrx_word' id='word_1_107' title='bbox 478 1487 675 1525; x_wconf 87' lang='lat' dir='ltr'><strong>respo</strong></span> <span class='ocrx_word' id='word_1_108' title='bbox 692 1488 723 1516; x_wconf 91' lang='lat' dir='ltr'><strong>n</strong></span> <span class='ocrx_word' id='word_1_109' title='bbox 740 1472 802 1516; x_wconf 92' lang='lat' dir='ltr'><strong>di</strong></span> <span class='ocrx_word' id='word_1_110' title='bbox 849 1487 945 1517; x_wconf 92' lang='lat' dir='ltr'><strong>non</strong></span> <span class='ocrx_word' id='word_1_111' title='bbox 991 1473 1180 1518; x_wconf 89' lang='lat' dir='ltr'><strong>aliunde</strong></span> <span class='ocrx_word' id='word_1_112' title='bbox 1224 1474 1416 1525; x_wconf 87' lang='lat' dir='ltr'><strong>illatum,</strong></span> <span class='ocrx_word' id='word_1_113' title='bbox 1460 1474 1543 1518; x_wconf 91' lang='lat' dir='ltr'><strong>sed</strong></span> <span class='ocrx_word' id='word_1_114' title='bbox 1591 1482 1864 1526; x_wconf 88' lang='lat' dir='ltr'><strong>corruptum</strong></span> <span class='ocrx_word' id='word_1_115' title='bbox 1897 1488 1999 1518; x_wconf 91' lang='lat' dir='ltr'><strong>esse</strong></span> <span class='ocrx_word' id='word_1_116' title='bbox 2031 1482 2194 1526; x_wconf 88' lang='lat' dir='ltr'><strong>putare</strong></span> 
     </span>
     <span class='ocr_line' id='line_1_15' title="bbox 477 1566 2192 1622; baseline 0.001 -11"><span class='ocrx_word' id='word_1_117' title='bbox 477 1568 639 1612; x_wconf 89' lang='lat' dir='ltr'><strong>mavis.</strong></span> <span class='ocrx_word' id='word_1_118' title='bbox 672 1566 764 1612; x_wconf 94' lang='lat' dir='ltr'><strong>Sed</strong></span> <span class='ocrx_word' id='word_1_119' title='bbox 796 1568 900 1621; x_wconf 91' lang='lat' dir='ltr'><strong>quis</strong></span> <span class='ocrx_word' id='word_1_120' title='bbox 932 1568 991 1612; x_wconf 95' lang='lat' dir='ltr'><strong>de</strong></span> <span class='ocrx_word' id='word_1_121' title='bbox 1009 1568 1176 1613; x_wconf 89' lang='lat' dir='ltr'><strong>talibus</strong></span> <span class='ocrx_word' id='word_1_122' title='bbox 1193 1568 1306 1613; x_wconf 89' lang='lat' dir='ltr'><strong>locis</strong></span> <span class='ocrx_word' id='word_1_123' title='bbox 1323 1583 1388 1620; x_wconf 82' lang='lat' dir='ltr'><strong>se,</strong></span> <span class='ocrx_word' id='word_1_124' title='bbox 1405 1569 1519 1622; x_wconf 89' lang='lat' dir='ltr'><strong>quid</strong></span> <span class='ocrx_word' id='word_1_125' title='bbox 1537 1569 1636 1621; x_wconf 87' lang='lat' dir='ltr'><strong>ipse</strong></span> <span class='ocrx_word' id='word_1_126' title='bbox 1654 1568 1926 1621; x_wconf 90' lang='lat' dir='ltr'><strong>Propertius</strong></span> <span class='ocrx_word' id='word_1_127' title='bbox 1943 1567 2192 1622; x_wconf 88' lang='lat' dir='ltr'><strong>scripserit,</strong></span> 
     </span>
    </p>
   </div>
   <div class='ocr_carea' id='block_1_6' title="bbox 472 1662 1426 1716">
    <p class='ocr_par' dir='ltr' id='par_1_7' title="bbox 472 1662 1426 1716">
     <span class='ocr_line' id='line_1_16' title="bbox 472 1662 1426 1716; baseline 0.001 -9"><span class='ocrx_word' id='word_1_128' title='bbox 472 1678 559 1716; x_wconf 89' lang='lat' dir='ltr'><strong>pro</strong></span> <span class='ocrx_word' id='word_1_129' title='bbox 589 1672 718 1708; x_wconf 89' lang='lat' dir='ltr'><strong>certo</strong></span> <span class='ocrx_word' id='word_1_130' title='bbox 748 1663 867 1708; x_wconf 90' lang='lat' dir='ltr'><strong>scire</strong></span> <span class='ocrx_word' id='word_1_131' title='bbox 898 1664 1185 1708; x_wconf 89' lang='lat' dir='ltr'><strong>contendere</strong></span> <span class='ocrx_word' id='word_1_132' title='bbox 1215 1662 1426 1708; x_wconf 73' lang='lat' dir='ltr'><strong>audeat?</strong></span> 
     </span>
    </p>
   </div>
   <div class='ocr_carea' id='block_1_7' title="bbox 1086 1969 1458 2015">
    <p class='ocr_par' dir='ltr' id='par_1_8' title="bbox 1086 1969 1458 2015">
     <span class='ocr_line' id='line_1_17' title="bbox 1086 1969 1458 2015; baseline 0 -1"><span class='ocrx_word' id='word_1_133' title='bbox 1086 1969 1340 2015; x_wconf 89' lang='lat' dir='ltr'><strong>ELEGIA</strong></span> <span class='ocrx_word' id='word_1_134' title='bbox 1372 1969 1458 2014; x_wconf 92' lang='lat' dir='ltr'><strong>IX.</strong></span> 
     </span>
    </p>
   </div>
   <div class='ocr_carea' id='block_1_8' title="bbox 376 2097 1448 2151">
    <p class='ocr_par' dir='ltr' id='par_1_9' title="bbox 376 2097 1448 2151">
     <span class='ocr_line' id='line_1_18' title="bbox 376 2097 1448 2151; baseline 0 -8"><span class='ocrx_word' id='word_1_135' title='bbox 376 2097 418 2143; x_wconf 89' lang='grc'><strong>3.</strong></span> <span class='ocrx_word' id='word_1_136' title='bbox 479 2097 624 2143; x_wconf 88' lang='lat' dir='ltr'><strong>Venit</strong></span> <span class='ocrx_word' id='word_1_137' title='bbox 656 2131 771 2143; x_wconf 90' lang='grc'><strong>........</strong></span> <span class='ocrx_word' id='word_1_138' title='bbox 804 2114 1028 2151; x_wconf 91' lang='lat' dir='ltr'><strong>pecorosa</strong></span> <span class='ocrx_word' id='word_1_139' title='bbox 1060 2099 1234 2143; x_wconf 89' lang='lat' dir='ltr'><strong>Palatia</strong></span> <span class='ocrx_word' id='word_1_140' title='bbox 1264 2100 1448 2144; x_wconf 91' lang='lat' dir='ltr'><strong>montis.</strong></span> 
     </span>
    </p>
   </div>
   <div class='ocr_carea' id='block_1_9' title="bbox 477 2194 2191 2722">
    <p class='ocr_par' dir='ltr' id='par_1_10' title="bbox 478 2194 2191 2428">
     <span class='ocr_line' id='line_1_19' title="bbox 480 2194 2191 2248; baseline 0.001 -10"><span class='ocrx_word' id='word_1_141' title='bbox 480 2194 552 2238; x_wconf 91' lang='lat' dir='ltr'><strong>Eo</strong></span> <span class='ocrx_word' id='word_1_142' title='bbox 571 2195 675 2239; x_wconf 92' lang='lat' dir='ltr'><strong>loco</strong></span> <span class='ocrx_word' id='word_1_143' title='bbox 697 2194 778 2239; x_wconf 89' lang='lat' dir='ltr'><strong>ubi</strong></span> <span class='ocrx_word' id='word_1_144' title='bbox 801 2203 887 2248; x_wconf 79' lang='lat' dir='ltr'><strong>ego</strong></span> <span class='ocrx_word' id='word_1_145' title='bbox 909 2195 1122 2238; x_wconf 82' lang='lat' dir='ltr'><strong>lacunam</strong></span> <span class='ocrx_word' id='word_1_146' title='bbox 1145 2194 1312 2247; x_wconf 87' lang='lat' dir='ltr'><strong>reliqui</strong></span> <span class='ocrx_word' id='word_1_147' title='bbox 1343 2195 1391 2239; x_wconf 93' lang='lat' dir='ltr'><strong>in</strong></span> <span class='ocrx_word' id='word_1_148' title='bbox 1422 2195 1664 2240; x_wconf 93' lang='lat' dir='ltr'><strong>codicibus</strong></span> <span class='ocrx_word' id='word_1_149' title='bbox 1695 2203 1825 2240; x_wconf 90' lang='lat' dir='ltr'><strong>sunt:</strong></span> <span class='ocrx_word' id='word_1_150' title='bbox 1857 2203 1910 2239; x_wconf 90' lang='lat' dir='ltr'><strong>et</strong></span> <span class='ocrx_word' id='word_1_151' title='bbox 1939 2194 2191 2239; x_wconf 84' lang='lat' dir='ltr'><strong>advictos</strong></span> 
     </span>
     <span class='ocr_line' id='line_1_20' title="bbox 478 2286 2190 2348; baseline 0.001 -15"><span class='ocrx_word' id='word_1_152' title='bbox 478 2286 598 2346; x_wconf 90' lang='lat' dir='ltr'><strong>(N),</strong></span> <span class='ocrx_word' id='word_1_153' title='bbox 629 2297 682 2333; x_wconf 91' lang='lat' dir='ltr'><strong>et</strong></span> <span class='ocrx_word' id='word_1_154' title='bbox 704 2289 1034 2333; x_wconf 88' lang='lat' dir='ltr'><strong>advinctos</strong></span> <span class='ocrx_word' id='word_1_155' title='bbox 1064 2286 1180 2347; x_wconf 87' lang='lat' dir='ltr'>(D),</span> <span class='ocrx_word' id='word_1_156' title='bbox 1206 2298 1259 2334; x_wconf 93' lang='lat' dir='ltr'><strong>et</strong></span> <span class='ocrx_word' id='word_1_157' title='bbox 1289 2290 1622 2334; x_wconf 88' lang='lat' dir='ltr'><strong>adiunctos</strong></span> <span class='ocrx_word' id='word_1_158' title='bbox 1652 2286 1812 2348; x_wconf 87' lang='lat' dir='ltr'>(VL),</span> <span class='ocrx_word' id='word_1_159' title='bbox 1838 2289 2057 2335; x_wconf 90' lang='lat' dir='ltr'><strong>adiutos</strong></span> <span class='ocrx_word' id='word_1_160' title='bbox 2080 2287 2190 2347; x_wconf 88' lang='lat' dir='ltr'>(F).</span> 
     </span>
     <span class='ocr_line' id='line_1_21' title="bbox 480 2383 1326 2428; baseline 0.001 -1"><span class='ocrx_word' id='word_1_161' title='bbox 480 2383 810 2428; x_wconf 90' lang='lat' dir='ltr'><strong>Lachmannus</strong></span> <span class='ocrx_word' id='word_1_162' title='bbox 841 2398 1033 2428; x_wconf 89' lang='lat' dir='ltr'><strong>versum</strong></span> <span class='ocrx_word' id='word_1_163' title='bbox 1065 2383 1127 2428; x_wconf 88' lang='lat' dir='ltr'><strong>ita</strong></span> <span class='ocrx_word' id='word_1_164' title='bbox 1157 2383 1326 2428; x_wconf 85' lang='lat' dir='ltr'><strong>edidit:</strong></span> 
     </span>
    </p>

    <p class='ocr_par' dir='ltr' id='par_1_11' title="bbox 477 2478 2189 2722">
     <span class='ocr_line' id='line_1_22' title="bbox 595 2478 1757 2531; baseline 0.001 -9"><span class='ocrx_word' id='word_1_165' title='bbox 595 2478 725 2523; x_wconf 90' lang='lat' dir='ltr'><strong>venit</strong></span> <span class='ocrx_word' id='word_1_166' title='bbox 754 2478 813 2522; x_wconf 89' lang='lat' dir='ltr'><strong>ad</strong></span> <span class='ocrx_word' id='word_1_167' title='bbox 845 2478 1052 2530; x_wconf 81' lang='lat' dir='ltr'><strong>eductoS‚</strong></span> <span class='ocrx_word' id='word_1_168' title='bbox 1084 2493 1310 2531; x_wconf 89' lang='lat' dir='ltr'><strong>pecorosa</strong></span> <span class='ocrx_word' id='word_1_169' title='bbox 1340 2479 1527 2531; x_wconf 88' lang='lat' dir='ltr'><strong>Palatia,</strong></span> <span class='ocrx_word' id='word_1_170' title='bbox 1560 2487 1757 2530; x_wconf 85' lang='lat' dir='ltr'><strong>montes,</strong></span> 
     </span>
     <span class='ocr_line' id='line_1_23' title="bbox 477 2572 2189 2627; baseline 0 -9"><span class='ocrx_word' id='word_1_171' title='bbox 477 2573 606 2625; x_wconf 93' lang='lat' dir='ltr'><strong>quod</strong></span> <span class='ocrx_word' id='word_1_172' title='bbox 648 2572 894 2617; x_wconf 89' lang='lat' dir='ltr'><strong>Vahlenus</strong></span> <span class='ocrx_word' id='word_1_173' title='bbox 937 2582 983 2618; x_wconf 89' lang='lat' dir='ltr'><strong>et</strong></span> <span class='ocrx_word' id='word_1_174' title='bbox 1025 2573 1079 2617; x_wconf 94' lang='lat' dir='ltr'><strong>L.</strong></span> <span class='ocrx_word' id='word_1_175' title='bbox 1113 2573 1376 2619; x_wconf 88' lang='lat' dir='ltr'><strong>Muellerus</strong></span> <span class='ocrx_word' id='word_1_176' title='bbox 1417 2575 1464 2619; x_wconf 90' lang='lat' dir='ltr'><strong>in</strong></span> <span class='ocrx_word' id='word_1_177' title='bbox 1497 2589 1603 2619; x_wconf 91' lang='lat' dir='ltr'><strong>suas</strong></span> <span class='ocrx_word' id='word_1_178' title='bbox 1634 2574 1864 2619; x_wconf 90' lang='lat' dir='ltr'><strong>editiones</strong></span> <span class='ocrx_word' id='word_1_179' title='bbox 1895 2582 2189 2627; x_wconf 88' lang='lat' dir='ltr'><strong>receperunt.</strong></span> 
     </span>
     <span class='ocr_line' id='line_1_24' title="bbox 479 2667 2188 2722; baseline 0 -11"><span class='ocrx_word' id='word_1_180' title='bbox 479 2667 753 2712; x_wconf 90' lang='lat' dir='ltr'><strong>Eductus</strong></span> <span class='ocrx_word' id='word_1_181' title='bbox 798 2668 912 2720; x_wconf 92' lang='lat' dir='ltr'><strong>quid</strong></span> <span class='ocrx_word' id='word_1_182' title='bbox 944 2668 1182 2721; x_wconf 81' lang='lat' dir='ltr'><strong>significet,</strong></span> <span class='ocrx_word' id='word_1_183' title='bbox 1214 2669 1387 2713; x_wconf 91' lang='lat' dir='ltr'><strong>docent</strong></span> <span class='ocrx_word' id='word_1_184' title='bbox 1416 2670 1632 2722; x_wconf 81' lang='lat' dir='ltr'><strong>exempla</strong></span> <span class='ocrx_word' id='word_1_185' title='bbox 1662 2684 1690 2713; x_wconf 90' lang='lat' dir='ltr'><strong>a</strong></span> <span class='ocrx_word' id='word_1_186' title='bbox 1722 2669 2027 2713; x_wconf 89' lang='lat' dir='ltr'><strong>Lachmanno</strong></span> <span class='ocrx_word' id='word_1_187' title='bbox 2058 2668 2188 2711; x_wconf 82' lang='lat' dir='ltr'><strong>data:</strong></span> 
     </span>
    </p>
   </div>
   <div class='ocr_carea' id='block_1_10' title="bbox 478 2761 2189 2816">
    <p class='ocr_par' dir='ltr' id='par_1_12' title="bbox 478 2761 2189 2816">
     <span class='ocr_line' id='line_1_25' title="bbox 478 2761 2189 2816; baseline 0 -11"><span class='ocrx_word' id='word_1_188' title='bbox 478 2761 622 2815; x_wconf 74' lang='lat' dir='ltr'><strong>verg.</strong></span> <span class='ocrx_word' id='word_1_189' title='bbox 654 2762 717 2806; x_wconf 90' lang='lat' dir='ltr'><strong>A.</strong></span> <span class='ocrx_word' id='word_1_190' title='bbox 735 2762 797 2813; x_wconf 92' lang='grc' dir='ltr'><strong>ΙΙ,</strong></span> <span class='ocrx_word' id='word_1_191' title='bbox 829 2761 943 2807; x_wconf 87' lang='lat'><strong>460:</strong></span> <span class='ocrx_word' id='word_1_192' title='bbox 975 2762 1166 2807; x_wconf 89' lang='lat' dir='ltr'><strong>Turrim</strong></span> <span class='ocrx_word' id='word_1_193' title='bbox 1198 2763 1246 2807; x_wconf 92' lang='lat' dir='ltr'><strong>in</strong></span> <span class='ocrx_word' id='word_1_194' title='bbox 1278 2763 1518 2816; x_wconf 88' lang='lat' dir='ltr'><strong>praecipiti</strong></span> <span class='ocrx_word' id='word_1_195' title='bbox 1550 2772 1748 2808; x_wconf 89' lang='lat' dir='ltr'><strong>stantem</strong></span> <span class='ocrx_word' id='word_1_196' title='bbox 1779 2763 2069 2815; x_wconf 88' lang='lat' dir='ltr'><strong>summisque</strong></span> <span class='ocrx_word' id='word_1_197' title='bbox 2101 2761 2189 2806; x_wconf 93' lang='lat' dir='ltr'><strong>sub</strong></span> 
     </span>
    </p>
   </div>
   <div class='ocr_carea' id='block_1_11' title="bbox 475 2854 2190 3192">
    <p class='ocr_par' dir='ltr' id='par_1_13' title="bbox 475 2854 2190 3192">
     <span class='ocr_line' id='line_1_26' title="bbox 971 2854 2190 2912; baseline -0.002 -11"><span class='ocrx_word' id='word_1_198' title='bbox 971 2858 1188 2901; x_wconf 89' lang='lat' dir='ltr'><strong>eductam</strong></span> <span class='ocrx_word' id='word_1_199' title='bbox 1220 2857 1350 2902; x_wconf 89' lang='lat' dir='ltr'><strong>tectis</strong></span> <span class='ocrx_word' id='word_1_200' title='bbox 2054 2854 2190 2912; x_wconf 90' lang='lat' dir='ltr'><strong>[astra</strong></span> 
     </span>
     <span class='ocr_line' id='line_1_27' title="bbox 477 2949 2188 3004; baseline 0.001 -11"><span class='ocrx_word' id='word_1_201' title='bbox 477 2949 540 2994; x_wconf 90' lang='lat' dir='ltr'><strong>A.</strong></span> <span class='ocrx_word' id='word_1_202' title='bbox 570 2949 658 3001; x_wconf 85' lang='lat' dir='ltr'><strong>Vl,</strong></span> <span class='ocrx_word' id='word_1_203' title='bbox 710 2949 798 2994; x_wconf 90' lang='grc'><strong>630</strong></span> <span class='ocrx_word' id='word_1_204' title='bbox 975 2984 1501 2995; x_wconf 88' lang='grc'><strong>...........................</strong></span> <span class='ocrx_word' id='word_1_205' title='bbox 1508 2951 1774 3004; x_wconf 89' lang='lat' dir='ltr'><strong>Cyclopum</strong></span> <span class='ocrx_word' id='word_1_206' title='bbox 1802 2952 1971 2996; x_wconf 93' lang='lat' dir='ltr'><strong>educta</strong></span> <span class='ocrx_word' id='word_1_207' title='bbox 1994 2949 2188 2995; x_wconf 89' lang='lat' dir='ltr'><strong>caminis</strong></span> 
     </span>
     <span class='ocr_line' id='line_1_28' title="bbox 971 3045 1424 3098; baseline 0.002 -9"><span class='ocrx_word' id='word_1_208' title='bbox 971 3045 1157 3090; x_wconf 90' lang='lat' dir='ltr'><strong>moenia</strong></span> <span class='ocrx_word' id='word_1_209' title='bbox 1186 3046 1424 3098; x_wconf 91' lang='lat' dir='ltr'><strong>conspicio</strong></span> 
     </span>
     <span class='ocr_line' id='line_1_29' title="bbox 475 3137 2186 3192; baseline -0.001 -11"><span class='ocrx_word' id='word_1_210' title='bbox 475 3138 539 3182; x_wconf 89' lang='lat' dir='ltr'><strong>A.</strong></span> <span class='ocrx_word' id='word_1_211' title='bbox 569 3137 682 3189; x_wconf 89' lang='lat' dir='ltr'><strong>XII,</strong></span> <span class='ocrx_word' id='word_1_212' title='bbox 713 3137 801 3182; x_wconf 76' lang='lat'><strong>674</strong></span> <span class='ocrx_word' id='word_1_213' title='bbox 971 3138 1162 3183; x_wconf 90' lang='lat' dir='ltr'><strong>Turrim</strong></span> <span class='ocrx_word' id='word_1_214' title='bbox 1179 3139 1432 3192; x_wconf 91' lang='lat' dir='ltr'><strong>compactis</strong></span> <span class='ocrx_word' id='word_1_215' title='bbox 1449 3139 1657 3184; x_wconf 77' lang='lat' dir='ltr'><strong>trabibus</strong></span> <span class='ocrx_word' id='word_1_216' title='bbox 1672 3154 1813 3192; x_wconf 92' lang='lat' dir='ltr'><strong>quam</strong></span> <span class='ocrx_word' id='word_1_217' title='bbox 1831 3139 2058 3184; x_wconf 86' lang='lat' dir='ltr'><strong>eduxerat</strong></span> <span class='ocrx_word' id='word_1_218' title='bbox 2073 3137 2186 3190; x_wconf 89' lang='lat' dir='ltr'><strong>ipse.</strong></span> 
     </span>
    </p>
   </div>
   <div class='ocr_carea' id='block_1_12' title="bbox 474 3255 2187 3498">
    <p class='ocr_par' dir='ltr' id='par_1_14' title="bbox 474 3255 2187 3498">
     <span class='ocr_line' id='line_1_30' title="bbox 477 3255 2185 3308; baseline -0.001 -9"><span class='ocrx_word' id='word_1_219' title='bbox 477 3255 519 3299; x_wconf 90' lang='lat' dir='ltr'>E</span> <span class='ocrx_word' id='word_1_220' title='bbox 536 3255 567 3299; x_wconf 93' lang='lat' dir='ltr'><strong>d</strong></span> <span class='ocrx_word' id='word_1_221' title='bbox 586 3271 616 3299; x_wconf 93' lang='lat' dir='ltr'><strong>u</strong></span> <span class='ocrx_word' id='word_1_222' title='bbox 633 3270 659 3299; x_wconf 96' lang='lat' dir='ltr'><strong>c</strong></span> <span class='ocrx_word' id='word_1_223' title='bbox 675 3264 692 3299; x_wconf 93' lang='lat' dir='ltr'><strong>t</strong></span> <span class='ocrx_word' id='word_1_224' title='bbox 709 3271 740 3300; x_wconf 91' lang='lat' dir='ltr'><strong>u</strong></span> <span class='ocrx_word' id='word_1_225' title='bbox 757 3270 778 3299; x_wconf 91' lang='lat' dir='ltr'><strong>s</strong></span> <span class='ocrx_word' id='word_1_226' title='bbox 826 3255 897 3300; x_wconf 90' lang='lat' dir='ltr'><strong>his</strong></span> <span class='ocrx_word' id='word_1_227' title='bbox 928 3257 1055 3308; x_wconf 92' lang='lat' dir='ltr'><strong>locis,</strong></span> <span class='ocrx_word' id='word_1_228' title='bbox 1088 3256 1169 3301; x_wconf 93' lang='lat' dir='ltr'><strong>ubi</strong></span> <span class='ocrx_word' id='word_1_229' title='bbox 1201 3258 1261 3301; x_wconf 90' lang='lat' dir='ltr'><strong>de</strong></span> <span class='ocrx_word' id='word_1_230' title='bbox 1293 3257 1498 3302; x_wconf 88' lang='lat' dir='ltr'><strong>turribus</strong></span> <span class='ocrx_word' id='word_1_231' title='bbox 1529 3258 1606 3301; x_wconf 86' lang='lat' dir='ltr'><strong>vel</strong></span> <span class='ocrx_word' id='word_1_232' title='bbox 1638 3257 1884 3302; x_wconf 90' lang='lat' dir='ltr'><strong>moenibus</strong></span> <span class='ocrx_word' id='word_1_233' title='bbox 1915 3270 2071 3300; x_wconf 89' lang='lat' dir='ltr'><strong>sermo</strong></span> <span class='ocrx_word' id='word_1_234' title='bbox 2102 3262 2185 3306; x_wconf 86' lang='lat' dir='ltr'><strong>est,</strong></span> 
     </span>
     <span class='ocr_line' id='line_1_31' title="bbox 475 3348 2187 3404; baseline 0.002 -12"><span class='ocrx_word' id='word_1_235' title='bbox 475 3348 698 3402; x_wconf 79' lang='lat' dir='ltr'><strong>significat</strong></span> <span class='ocrx_word' id='word_1_236' title='bbox 742 3350 757 3393; x_wconf 94' lang='lat' dir='ltr'><strong>i</strong></span> <span class='ocrx_word' id='word_1_237' title='bbox 774 3365 805 3393; x_wconf 91' lang='lat' dir='ltr'><strong>n</strong></span> <span class='ocrx_word' id='word_1_238' title='bbox 851 3351 909 3394; x_wconf 90' lang='lat' dir='ltr'><strong>al</strong></span> <span class='ocrx_word' id='word_1_239' title='bbox 925 3359 942 3394; x_wconf 94' lang='lat' dir='ltr'><strong>t</strong></span> <span class='ocrx_word' id='word_1_240' title='bbox 958 3366 989 3395; x_wconf 93' lang='lat' dir='ltr'><strong>u</strong></span> <span class='ocrx_word' id='word_1_241' title='bbox 1006 3366 1053 3395; x_wconf 92' lang='lat' dir='ltr'><strong>m</strong></span> <span class='ocrx_word' id='word_1_242' title='bbox 1101 3366 1128 3395; x_wconf 93' lang='lat' dir='ltr'><strong>e</strong></span> <span class='ocrx_word' id='word_1_243' title='bbox 1144 3366 1176 3396; x_wconf 88' lang='lat' dir='ltr'>v</span> <span class='ocrx_word' id='word_1_244' title='bbox 1193 3366 1220 3396; x_wconf 92' lang='lat' dir='ltr'><strong>e</strong></span> <span class='ocrx_word' id='word_1_245' title='bbox 1236 3367 1262 3395; x_wconf 95' lang='lat' dir='ltr'><strong>c</strong></span> <span class='ocrx_word' id='word_1_246' title='bbox 1279 3360 1296 3395; x_wconf 93' lang='lat' dir='ltr'><strong>t</strong></span> <span class='ocrx_word' id='word_1_247' title='bbox 1312 3367 1343 3396; x_wconf 94' lang='lat' dir='ltr'><strong>u</strong></span> <span class='ocrx_word' id='word_1_248' title='bbox 1360 3366 1407 3396; x_wconf 89' lang='lat' dir='ltr'><strong>s:</strong></span> <span class='ocrx_word' id='word_1_249' title='bbox 1453 3360 1695 3404; x_wconf 88' lang='lat' dir='ltr'><strong>praeterea</strong></span> <span class='ocrx_word' id='word_1_250' title='bbox 1736 3352 2085 3396; x_wconf 86' lang='lat' dir='ltr'><strong>observandum</strong></span> <span class='ocrx_word' id='word_1_251' title='bbox 2117 3361 2187 3397; x_wconf 91' lang='lat' dir='ltr'><strong>est</strong></span> 
     </span>
     <span class='ocr_line' id='line_1_32' title="bbox 474 3442 2185 3498; baseline 0.003 -12"><span class='ocrx_word' id='word_1_252' title='bbox 474 3442 767 3495; x_wconf 89' lang='lat' dir='ltr'><strong>participium</strong></span> <span class='ocrx_word' id='word_1_253' title='bbox 810 3444 1096 3489; x_wconf 88' lang='lat' dir='ltr'><strong>eductus</strong></span> <span class='ocrx_word' id='word_1_254' title='bbox 1138 3460 1234 3489; x_wconf 91' lang='lat' dir='ltr'><strong>non</strong></span> <span class='ocrx_word' id='word_1_255' title='bbox 1276 3445 1590 3490; x_wconf 93' lang='lat' dir='ltr'><strong>absolute</strong></span> <span class='ocrx_word' id='word_1_256' title='bbox 1630 3445 1905 3498; x_wconf 85' lang='lat' dir='ltr'><strong>adhibitum,</strong></span> <span class='ocrx_word' id='word_1_257' title='bbox 1936 3447 2019 3491; x_wconf 88' lang='lat' dir='ltr'><strong>sed</strong></span> <span class='ocrx_word' id='word_1_258' title='bbox 2067 3445 2185 3491; x_wconf 90' lang='lat' dir='ltr'><strong>sub</strong></span> 
     </span>
    </p>
   </div>
  </div>
 </body>
</html>
