2566 3886
1153 276 1420 322 -215—

395 410 437 456 8.
497 418 545 455 et
574 409 760 455 solitum
790 408 1005 462 armigeri
1038 407 1194 452 ducite
1225 421 1397 452 munus
1428 405 1552 459 equi.

496 505 679 550 Versus
711 503 1022 555 difficillimus,
1054 503 1135 556 qui
1167 503 1268 547 sine
1300 501 1446 546 dubio
1477 509 1697 552 corrupte
1728 499 1922 544 traditus
1954 508 2036 544 est.

497 599 667 646 Citabo
726 599 1073 651 explicationes,
1137 613 1253 652 quas
1306 597 1396 642 viri
1442 596 1567 641 docti
1614 596 1847 640 dederunt
1895 594 2209 640 confidentius

497 709 638 748 quam
669 694 842 739 verius.

495 789 821 835 Broukhusius
851 803 1027 842 equum
1059 787 1268 841 intelligit
1298 801 1407 831 cum
1439 794 1605 831 ornatu
1637 784 1950 839 imperatorio,
1976 799 2003 828 e
2019 782 2209 836 publico

495 886 670 937 datum,
702 884 881 938 insigne
912 883 1157 936 dignitatis,
1189 882 1463 934 confertque
1494 880 1606 926 Tac.
1639 880 1768 925 Ann.
1800 879 1912 924 XV.
1930 879 1971 924 7.
1989 877 2081 924 Sed
2098 893 2208 923 eum

494 980 586 1024 iam
619 978 961 1031 Hertzbergius
993 977 1224 1022 refutavit.

492 1075 754 1119 Videamus
785 1087 925 1124 nunc,
955 1071 1195 1125 quomodo
1210 1071 1310 1124 ipse
1329 1070 1672 1123 Hertzbergius
1688 1071 1845 1114 locum
1862 1069 2207 1123 interpretetur.

494 1169 700 1214 Munus
732 1167 860 1220 equi
892 1166 1152 1212 secundum
1184 1166 1311 1210 hunc
1328 1164 1484 1210 virum
1501 1165 1693 1210 doctum
1710 1165 1827 1209 nihil
1840 1164 1966 1209 aliud
1984 1163 2209 1217 significat

491 1263 580 1308 nisi
596 1277 772 1316 equum
788 1261 1023 1314 equitibus
1036 1260 1223 1313 publice
1240 1260 1425 1304 muneri
1440 1260 1615 1311 datum,
1632 1274 1892 1311 omnesque
1910 1258 2207 1312 Propertium

490 1360 581 1404 hoc
612 1358 717 1403 loco
747 1357 920 1410 alloqui
951 1364 1094 1410 putat,
1126 1354 1488 1408 quibuscunque
1510 1370 1686 1408 equum
1704 1354 1945 1407 publicum
1965 1354 2011 1398 in
2029 1353 2205 1398 bellum

491 1453 666 1498 ducere
696 1451 878 1496 licebat.
912 1450 1041 1495 Huic
1063 1449 1359 1503 explicationi
1375 1464 1471 1495 vox
1502 1465 1524 1494 s
1540 1449 1697 1494 olitu
1712 1465 1759 1494 m
1791 1449 1976 1494 obstare
1992 1449 2205 1501 videtum

488 1547 551 1592 ob
587 1546 710 1591 bene
742 1545 907 1591 merita
937 1545 1063 1590 enim
1096 1545 1143 1589 in
1175 1553 1442 1598 equestrem
1474 1545 1690 1590 ordinem
1722 1544 2026 1589 asciscuntur.
2061 1544 2205 1588 Roth-

489 1642 682 1687 steinius
694 1641 830 1686 aliam
838 1641 963 1685 viam
977 1640 1210 1693 ingressus
1223 1640 1376 1685 vertit:
1390 1639 1496 1692 „ein
1511 1640 1623 1684 altes
1634 1636 1875 1697 (solitum)
1888 1638 2205 1692 Kriegspferd,

490 1738 596 1782 dass
627 1737 789 1782 seinen
820 1735 1210 1790 pflichtmiissigen
1243 1735 1412 1779 Dienst
1442 1750 1504 1779 zu
1536 1735 1700 1779 leisten
1732 1735 1854 1779 hat.'’

492 1832 625 1877 Licet
657 1846 853 1876 munus
885 1830 1012 1884 equi
1043 1829 1220 1874 collatis
1259 1829 1295 1874 Ι.
1316 1829 1384 1881 13,
1402 1828 1459 1874 23
1490 1826 1650 1887 (amor
1682 1826 1947 1887 Herculis),
1981 1832 2012 1882 1,
2045 1828 2116 1882 20,
2147 1828 2202 1874 15

492 1925 652 1985 (error
699 1923 951 1982 Herculis)
997 1925 1186 1970 defendi
1233 1925 1389 1977 possit,
1436 1925 1696 1970 dummodo
1727 1925 1959 1970 concedas
1990 1934 2202 1971 nostrum

490 2022 647 2066 locum
679 2021 826 2065 multo
858 2020 996 2065 etiam
1027 2020 1326 2064 audaciorem
1358 2035 1475 2071 esse,
1497 2020 1607 2064 huic
1624 2035 1815 2073 quoque
1832 2019 2201 2072 interpretationi

489 2115 810 2168 inpedimento
842 2129 944 2159 esse
976 2115 1119 2159 credo
1150 2115 1433 2159 vocabulum
1465 2115 1664 2159 solitu
1682 2130 1744 2158 m.

488 2209 688 2255 Accedit
725 2210 853 2263 quod
891 2209 1166 2263 armiger
1196 2225 1360 2263 equu
1378 2224 1399 2254 s
1430 2224 1517 2261 pro
1549 2224 1702 2263 „equo
1733 2210 1939 2263 equitem
1971 2220 2200 2256 armatum

487 2305 693 2349 ferente”
711 2304 1065 2349 obscurrissime
1082 2305 1261 2349 dictum
1278 2305 1479 2349 videtur.
1512 2304 1699 2356 Quibus
1730 2305 1791 2349 de
1821 2305 1972 2349 causis
2002 2306 2061 2350 ad
2094 2321 2201 2350 con-

484 2400 683 2445 iecturas
715 2399 1079 2452 confugiendum
1111 2413 1214 2443 esse
1245 2399 1471 2451 suspicor.

483 2494 862 2539 Burmannorum
895 2495 1186 2539 coniecturas
1233 2494 1458 2539 sumite
1504 2503 1550 2539 et
1581 2494 1825 2539 discite
1857 2509 1944 2547 pro
1976 2495 2198 2541 ducite

484 2588 787 2634 scribentium
834 2598 1035 2642 transeo,
1066 2605 1175 2635 cum
1209 2591 1269 2634 de
1301 2605 1425 2642 equo
1462 2589 1670 2635 Troiano
1702 2590 1778 2634 hie
1810 2605 1965 2635 sermo
1997 2606 2092 2635 non
2125 2591 2195 2636 sit.

482 2683 688 2728 Jacobsii
719 2684 1036 2729 coniecturam
1068 2685 1209 2730 clud
1227 2685 1242 2729 i
1259 2694 1316 2729 te
1349 2684 1692 2738 Hertzbergius
1723 2685 1826 2730 iure
1857 2686 2109 2731 damnavit.

482 2778 605 2831 Ergo
636 2778 684 2823 in
716 2794 768 2823 re
799 2779 976 2824 incerta
1006 2780 1120 2833 quid
1151 2780 1416 2825 faciendum
1449 2780 1507 2824 sit
1536 2795 1623 2833 pro
1640 2790 1769 2826 certo
1787 2783 2074 2827 contendere
2098 2797 2194 2827 non

482 2872 661 2925 ausim;
693 2882 744 2918 ut
773 2874 949 2926 aliquid
979 2883 1218 2927 temptem,
1249 2890 1441 2920 versum
1473 2875 1539 2919 sic
1570 2875 1803 2929 corrigere
1834 2877 2001 2921 vellm:

599 2975 646 3011 et
675 2967 875 3019 solitum,
907 2968 1137 3021 armigeri,
1169 2969 1325 3013 ducite
1357 2985 1529 3014 munus
1560 2984 1736 3022 equos;
1758 2967 1799 3027 1)

482 3059 608 3105 Cum
639 3061 854 3106 librarius
886 3077 981 3106 non
1013 3063 1288 3116 intelligeret
1306 3064 1520 3116 armigeri
1537 3064 1805 3109 vocativum
1829 3079 1946 3117 esse,
1987 3080 2014 3110 e
2030 3081 2061 3118 q
2078 3082 2110 3111 u
2123 3081 2153 3111 o
2169 3081 2191 3111 s

481 3154 542 3198 de
573 3169 658 3199 suo
689 3155 737 3199 in
769 3155 924 3208 equi
955 3156 1166 3201 mutavit.

350 3339 419 3385 13.
453 3341 522 3386 14.
597 3357 691 3395 qua
721 3343 908 3388 videam
940 3345 1099 3396 spoliis
1130 3354 1346 3390 oneratos
1379 3344 1596 3391 Caesaris
1626 3347 1739 3399 axis,

395 3446 426 3492 ¹)
475 3451 719 3485 Baebi-emiu-
744 3452 817 3485 inm
842 3462 992 3493 equo·
1018 3453 1177 3495 scripsit,
1203 3465 1311 3495 quem
1336 3465 1446 3489 nemo
1472 3462 1595 3489 tamen
1621 3463 1769 3491 secutus
1794 3464 1863 3492 eut.
