2566 3886
1160 271 1397 318 „52—

486 405 726 459 impugnat
769 405 823 450 L.
857 404 1081 449 Muelleri
1113 404 1259 449 verba
1290 404 1456 449 citans:
1491 403 1809 456 „concinnitas
1841 404 2067 451 evertitur
2098 420 2199 451 sen·

485 500 750 551 tentiarum,
783 499 821 544 si
852 499 942 544 alio
974 514 1116 552 quam
1147 499 1229 552 qui
1259 499 1391 543 initio
1422 497 1622 557 (1—10)
1652 500 1802 544 iuerat
1832 513 1973 545 sensu
2008 515 2198 546 carmen

486 595 761 640 clauditur''.

485 690 799 735 Baehrensius
835 690 972 735 aliam
1010 690 1135 735 viam
1167 690 1403 744 ingressus
1433 705 1600 735 versus
1631 687 1674 734 9.
1708 688 1764 735 10
1794 698 1840 734 et
1874 689 1943 734 11.
1977 689 2032 735 12
2078 690 2200 736 inter

486 801 537 830 se
568 785 870 838 transposuit3
903 785 986 830 sed
1004 800 1267 838 pronomen
1296 785 1403 830 illa
1426 800 1521 830 non
1539 793 1690 838 potest
1706 785 1934 838 adhiberi,
1950 794 2200 839 antequam

486 882 546 926 de
593 880 813 926 domina
855 880 1136 926 audivimus.
1169 879 1261 925 Sed
1293 881 1381 925 alia
1411 880 1591 925 accedit
1621 895 1774 933 causa,
1805 895 1952 934 quare
1969 881 2200 927 distichon

487 976 556 1021 ll.
591 975 646 1021 12
683 976 923 1030 transponi
955 977 1085 1021 nullo
1117 976 1261 1021 modo
1289 975 1447 1029 possit.
1481 975 1626 1027 Quod
1658 975 1782 1021 bene
1812 976 2039 1022 intellexit
2070 975 2200 1029 Otto,

485 1071 566 1125 qui
583 1072 739 1117 locum
757 1080 884 1116 recte
907 1072 1236 1126 interpretatus
1264 1080 1352 1117 est:
1386 1071 1607 1124 „Gerade
1639 1072 1716 1116 die
1746 1071 1979 1118 infames
2010 1081 2201 1118 noctes

485 1167 583 1212 und
616 1166 693 1211 die
725 1166 971 1211 carmina
1002 1167 1245 1212 obscena
1276 1167 1381 1212 sind
1412 1182 1477 1220 es,
1509 1167 1691 1212 welche
1723 1166 1932 1220 Cynthia
1962 1182 2043 1212 um
2074 1167 2200 1212 ihres

483 1270 624 1315 guten
673 1261 819 1307 Rufes
866 1261 1024 1307 willen
1070 1277 1166 1307 von
1198 1262 1352 1307 ihrem
1384 1261 1588 1307 Wandel
1619 1262 2000 1316 zuruckbringen
2032 1262 2198 1307 sollten

483 1357 582 1402 und
600 1357 756 1402 denen
776 1372 888 1402 zum
905 1356 1054 1402 Trotz
1070 1354 1280 1415 (tamen)
1296 1357 1363 1402 sie
1380 1357 1454 1402 ihr
1469 1357 1745 1411 anstossiges
1762 1356 1927 1403 Leben
1943 1356 2199 1403 fortsetzt”.

352 1548 421 1592 11.
456 1547 525 1592 12.
587 1563 676 1592 nec
707 1556 864 1592 tamen
896 1547 974 1592 illa
1004 1562 1117 1592 suae
1147 1555 1397 1592 revocatur
1427 1562 1622 1601 parcere
1653 1547 1817 1600 famae,

633 1642 814 1696 turpior
844 1651 891 1688 et
921 1643 1061 1687 saecli
1092 1642 1257 1687 vivere
1288 1642 1485 1687 luxuria.

487 1737 624 1782 Haec
668 1738 705 1783 si
737 1738 866 1782 salva
895 1737 1051 1792 lingua
1098 1738 1392 1790 interpretari
1435 1738 1669 1790 volumuS‚
1718 1738 1840 1783 hanc
1886 1737 2201 1783 nanciscimur

482 1833 780 1878 sententiam:
812 1848 908 1878 non
940 1833 1214 1885 persuaderi
1245 1842 1398 1886 potest
1428 1834 1486 1886 ei,
1518 1841 1569 1878 ut
1599 1833 1750 1878 famae
1780 1841 1939 1885 parcat
1954 1841 2001 1878 et
2016 1832 2198 1886 turpius

483 1928 613 1973 vivat
643 1928 828 1974 luxuria
858 1928 1012 1974 saecli.

485 2023 807 2069 Rothsteinius
866 2032 1023 2069 autem
1085 2038 1172 2076 pro
1219 2023 1493 2068 hexametro
1535 2030 1721 2076 poetam
1768 2023 2004 2068 dicentem
2050 2023 2199 2077 fingit:

482 2120 662 2173 pergit
707 2120 904 2164 famam
949 2127 1310 2163 contemnere
1370 2126 1417 2163 et
1463 2118 1525 2163 ita
1570 2118 1789 2171 turpior
1846 2117 2043 2163 vivere
2088 2132 2198 2171 eqs.

482 2214 659 2267 optime
690 2222 965 2267 sequuntur.

483 2308 677 2354 Talibus
723 2309 1111 2363 explicationibus
1132 2307 1172 2367 ¹)
1203 2324 1263 2354 ex
1293 2309 1461 2361 quavis
1492 2308 1722 2354 sententia
1753 2308 1919 2353 Latina
1950 2309 2197 2354 extrahere

479 2419 744 2456 possumus,
776 2404 1113 2456 quodcumque
1145 2405 1378 2449 volumus·

484 2499 594 2544 Hoc
626 2500 731 2544 loco
763 2499 1001 2545 Fonteinii
1032 2499 1304 2544 coniectura
1334 2498 1527 2551 purior
1558 2498 1875 2544 difficultatem
1907 2499 2038 2544 tollit.

351 2688 420 2733 13.
440 2689 495 2734 14
556 2690 639 2734 has
670 2689 792 2734 inter
822 2689 1041 2743 gravibus
1072 2698 1213 2743 cogor
1243 2689 1419 2734 deflere
1449 2689 1669 2742 querelis,

675 2785 897 2837 supplicis
928 2801 956 2830 a
986 2785 1134 2839 longis
1164 2785 1338 2831 tristior
1368 2784 1594 2830 excubiis.

483 2879 611 2924 Has
647 2880 817 2925 inter
848 2879 1169 2926 Rothsteinius
1201 2880 1267 2925 sic
1298 2880 1512 2934 explicat,
1544 2888 1594 2925 ut
1631 2880 1663 2925 h
1679 2895 1740 2925 as
1778 2880 1946 2924 inter
1976 2888 2195 2925 noctes

480 2974 796 3027 supplendum
813 2974 883 3026 sit,
900 2976 1029 3027 quod
1047 2975 1161 3020 mihi
1177 2975 1435 3020 absurdum
1452 2975 1653 3027 videtur,
1670 2989 1766 3020 non
1782 2975 1933 3019 solum
1947 2982 2197 3027 propterea

480 3070 609 3122 quod
634 3069 773 3114 nimis
810 3070 946 3123 longe
984 3070 1120 3115 distat
1157 3071 1189 3115 h
1203 3085 1230 3115 a
1243 3085 1264 3115 s
1302 3085 1330 3115 a
1365 3085 1484 3115 voce
1521 3085 1552 3114 n
1566 3085 1595 3114 o
1609 3084 1635 3114 c
1648 3078 1666 3114 t
1679 3085 1706 3114 e
1720 3084 1756 3121 s,
1794 3069 1877 3114 sed
1914 3067 2053 3113 etiam
2084 3068 2196 3121 quia

481 3164 495 3209 i
510 3180 541 3209 n
556 3173 573 3208 t
587 3179 613 3209 e
627 3180 651 3209 r
682 3180 714 3209 n
729 3179 758 3209 o
771 3179 797 3209 c
810 3173 828 3209 t
841 3179 868 3209 e
882 3179 903 3210 s
935 3179 1101 3217 parum
1134 3165 1302 3210 Latine
1333 3165 1510 3211 dictum
1542 3165 1743 3210 videtur.

394 3382 419 3428 ι)
444 3386 546 3420 Idem
572 3386 671 3420 valet
697 3387 743 3420 de
770 3386 950 3427 Pontgntii
977 3382 1113 3428 (Select
1135 3386 1191 3420 El.
1216 3398 1250 3426 p.
1276 3382 1336 3428 83)
1361 3386 1628 3426 explicatione:
1655 3386 1815 3420 recalled
1839 3392 1879 3420 to
1893 3397 1999 3427 spere
2014 3387 2084 3420 and
2097 3386 2193 3420 from

343 3457 457 3499 living
482 3465 554 3491 etc.
579 3457 615 3491 1·
641 3464 767 3492 tamen
791 3458 831 3491 in
856 3458 1021 3492 editione
1051 3457 1142 3492 1894
1167 3457 1381 3498 opinionem
1408 3457 1577 3492 mutavit.
