2566 3886
1097 265 1363 312 —136—

439 397 577 448 plane
608 396 845 447 assentiar,
877 396 1137 442 videndum
1169 405 1252 449 est,
1284 405 1441 442 utrum
1481 411 1511 442 n
1526 411 1556 442 o
1569 412 1600 442 n
1633 411 1664 441 n
1677 412 1707 442 u
1721 412 1751 442 n
1767 412 1797 450 q
1812 412 1842 443 u
1857 412 1884 442 a
1897 413 1943 443 m
1976 399 2154 444 servari

440 492 585 544 possit
616 506 789 536 annon.

442 592 539 644 Qui
566 608 684 638 non
712 607 1025 645 nunquam
1049 594 1308 639 defendunt
1325 591 1379 651 ¹),
1396 594 1552 639 locum
1567 609 1652 647 per
1682 593 1895 651 λιτότητα
1924 595 2158 647 explicant

441 684 839 745 (Hertzbergius)
870 696 916 732 et
948 688 1090 732 citant

442 782 504 834 ΙΙ,
539 781 608 834 13,
640 781 723 827 51:
756 790 806 827 tu
838 791 994 827 tamen
1027 783 1197 828 amisso
1229 799 1324 829 non
1359 799 1601 837 nunquam
1634 784 1767 829 flebis
1799 784 1979 829 amico:

592 878 662 923 fas
693 887 763 923 est
793 878 1068 931 praeteritos
1100 893 1288 932 semper
1320 894 1477 924 amare
1509 879 1637 924 viros

442 970 598 1031 (Otto,
622 973 886 1019 Versumst.
919 973 940 1018 Ι
973 988 1018 1026 p.
1054 970 1151 1032 13).

442 1068 763 1114 Rothsteinius
803 1069 1015 1114 adnotat:
1058 1069 1181 1121 „Die
1224 1070 1343 1115 stolz
1384 1069 1699 1115 bescheidene
1740 1068 2161 1115 Unbestimmtheit

442 1166 527 1209 des
552 1179 660 1209 non
688 1179 966 1216 nunquam
993 1165 1101 1209 lasst
1117 1165 1331 1218 zugleich
1349 1165 1426 1210 die
1445 1164 1718 1209 Diskretion
1737 1165 1820 1209 des
1837 1164 2159 1219 bevorzugten

443 1260 735 1305 Liebhabers
767 1260 1056 1305 erkennen”.

442 1355 535 1401 Sed
583 1356 621 1400 si
667 1370 836 1400 verum
883 1364 952 1399 est
998 1370 1164 1400 versus
1207 1354 1384 1400 21-24
1428 1370 1523 1400 non
1567 1354 1756 1399 aliunde
1800 1369 1903 1400 esse
1931 1354 2160 1407 invectos,

442 1467 561 1496 non
593 1466 907 1504 nunquam
940 1451 1030 1495 hoe
1061 1451 1180 1502 loco,
1213 1450 1294 1495 ubi
1326 1458 1463 1502 poeta
1494 1450 1653 1495 verbis
1685 1449 1882 1495 fortibus
1912 1449 2162 1503 magnique

442 1547 666 1600 ponderis
721 1547 787 1592 uti
838 1546 994 1599 debet,
1047 1546 1185 1591 nimis
1241 1554 1382 1591 tenue
1435 1554 1576 1598 atque
1628 1545 1750 1590 exile
1803 1560 1906 1590 esse
1958 1545 2160 1591 videtur.

444 1642 747 1694 Quapropter
777 1656 968 1686 versum
1001 1641 1058 1686 23
1090 1657 1199 1686 cum
1222 1640 1501 1694 Weidgenio
1532 1638 1752 1698 (Quaest.
1785 1640 1926 1694 Prop.
1950 1641 1987 1692 Ι,
2020 1638 2162 1698 1881)

595 1737 776 1782 interea
806 1736 943 1781 nobis
974 1751 1216 1790 nunquam
1249 1751 1345 1781 non
1377 1736 1516 1780 ianua
1546 1735 1698 1780 mollis

445 1832 695 1886 1egendum
742 1847 845 1877 esse
892 1846 1084 1884 oensem
1133 1832 1181 1876 in
1228 1839 1521 1884 pentametro
1552 1840 1660 1876 ante
1691 1831 1846 1885 lecti
1877 1830 2162 1877 vocabulum

445 1935 504 1972 et
535 1927 673 1972 addo.

313 2119 383 2164 35.
446 2120 537 2164 hoc
569 2119 684 2164 mihi
714 2127 945 2172 perpetuo
975 2118 1047 2163 ius
1079 2126 1162 2170 est,
1194 2119 1323 2170 quod
1355 2118 1481 2162 solus
1513 2125 1691 2162 amator

564 2230 653 2259 nec
683 2214 776 2259 cito
807 2215 980 2259 desisto
1011 2228 1100 2258 nec
1131 2221 1308 2258 temere
1339 2211 1513 2265 incipio

446 2310 540 2354 Pro
586 2310 706 2354 hoc
739 2341 750 2352 .
783 2341 794 2352 .
828 2342 839 2352 .
902 2309 1017 2360 ius,
1064 2322 1186 2360 quae
1233 2307 1381 2352 verba
1426 2315 1646 2359 corrupta
1691 2306 1926 2351 immerito
1970 2315 2163 2352 tuentur

446 2405 651 2449 editores
682 2419 847 2449 omnes
878 2412 1063 2456 praeter
1094 2403 1394 2456 Postgatium‚
1426 2403 1602 2455 optime
1618 2402 1838 2455 proponit
1855 2402 2164 2448 Housmanus

447 2497 592 2558 (JPh.
618 2499 761 2552 XVI,
793 2515 838 2553 p.
870 2496 954 2557 6):
1001 2499 1161 2543 haec
1193 2531 1204 2541 .
1234 2531 1244 2541 .
1278 2530 1289 2541 .
1337 2499 1493 2542 laus.

1040 2828 1294 2874 ELEGIA
1326 2827 1462 2873 XXI.

318 2961 386 3006 12.
449 2961 654 3006 Codices
686 2961 778 3005 hoc
808 2960 912 3005 loeo
944 2960 1131 3013 legunt:

567 3062 716 3107 eiecta
745 3070 815 3106 est
845 3061 999 3106 tenuis
1030 3075 1235 3113 namque
1267 3059 1451 3106 Creusa
1481 3061 1638 3111 domo,

448 3158 576 3210 quod
611 3156 920 3210 Rossbergius
951 3153 1187 3213 (Lueubr.
1221 3155 1362 3208 Prop.
1394 3171 1439 3208 p.
1472 3151 1556 3212 33)
1587 3154 1653 3199 sic
1684 3154 1999 3208 interpungit:

568 3252 716 3297 eiecta
746 3259 816 3296 est
846 3249 1022 3308 (tenuit
1053 3265 1258 3303 namque
1289 3246 1499 3307 Creusa)
1530 3250 1674 3294 domo

365 3394 396 3439 ¹)
448 3397 503 3431 De
542 3397 696 3431 ridicula
736 3395 950 3436 Roubergii
987 3395 1234 3435 explicatione
1273 3391 1453 3437 (Lueubr.
1481 3393 1588 3433 Prop.
1615 3404 1647 3433 p.
1677 3388 1737 3435 15)
1762 3392 1835 3426 iam
1861 3392 1952 3426 satis
1977 3392 2116 3426 dietum
2143 3403 2163 3425 a

316 3455 515 3498 Solbiokyo
541 3452 618 3499 (De
644 3455 776 3490 Codic.
804 3454 911 3496 Prop.
939 3465 972 3495 p.
1000 3450 1097 3498 154).
