2566 3886
1142 257 1379 302 ,57-

471 391 632 437 voluit.
650 389 924 442 Solbiskyus
954 386 1059 446 (De
1089 387 1257 433 Codic.
1290 388 1430 440 Prop.
1462 402 1507 440 p.
1541 384 1652 444 143)
1669 387 1907 441 ingeniose
1924 386 2185 439 suspicatur

471 487 676 541 aliquem
707 486 755 531 in
801 500 921 530 voce
965 485 1081 529 cho
1096 499 1164 529 ro
1204 483 1426 536 cogitasse
1463 484 1524 528 de
1562 491 1719 534 vento,
1761 483 1842 536 qui
1879 490 1949 527 est
1985 498 2012 528 c
2028 497 2057 527 o
2072 497 2098 526 r
2113 498 2144 527 u
2162 497 2183 527 s

471 583 550 627 vel
595 597 621 626 c
637 597 665 626 a
679 597 711 626 u
727 596 751 626 r
767 596 798 626 u
815 596 851 633 s,
898 589 1037 634 atque
1084 578 1221 624 metri
1267 593 1407 623 causa
1450 594 1481 623 n
1501 594 1530 623 o
1546 587 1564 623 t
1578 593 1608 623 o
1639 578 1917 632 reposuisse.
1962 577 2184 631 Neapoli·

470 686 631 722 tanum
662 676 800 730 igitur
829 690 997 721 verum
1029 689 1241 720 servasse
1272 675 1430 719 credo.

343 868 411 914 ll.
431 867 500 912 12.
532 882 591 912 an
623 867 797 920 poteris
828 866 962 911 siccis
993 879 1099 910 mea
1128 865 1219 909 iata
1248 879 1480 917 reponere
1510 864 1670 909 ocellis

344 2579 416 2625 28.

621 976 820 1014 ossaque
852 961 979 1006 nulla
1010 969 1090 1006 tuo
1121 968 1279 1005 nostra
1309 967 1470 1004 tenere
1501 958 1641 1004 sinu?

472 1057 618 1109 „Fata
648 1057 967 1110 reponere”,
999 1055 1150 1108 inquit
1176 1054 1511 1107 Rothsteinius,
1538 1055 1660 1107 „kan
1683 1054 1787 1099 hier
1818 1054 1970 1099 nichts
1985 1054 2185 1098 anderes

472 1151 658 1196 heissen
689 1152 756 1196 als
787 1151 864 1196 die
897 1150 1074 1195 Leiche
1105 1150 1364 1195 bestatten’'
1384 1147 1426 1208 ¹)
1457 1150 1540 1194 sed
1563 1150 1629 1195 sic
1645 1149 1924 1195 sententiam
1942 1149 2185 1200 habemus,

473 1262 594 1299 quae
625 1261 782 1299 neque
812 1261 921 1291 cum
954 1253 1247 1299 pentametro
1278 1259 1435 1297 neque
1465 1259 1574 1289 cum
1606 1259 1749 1290 versu
1781 1243 1809 1289 8
1840 1243 2066 1297 congruit.

475 1343 656 1388 Eodem
704 1342 847 1386 modo
894 1340 1214 1386 Phillimorius
1259 1348 1471 1385 nostrum
1503 1340 1735 1386 distichon
1782 1339 1982 1394 Anglice
2017 1339 2185 1384 vertit:

474 1437 616 1492 „Will
632 1452 728 1490 you
758 1437 880 1482 have
912 1436 991 1481 the
1022 1436 1155 1480 beart
1185 1444 1233 1480 to
1264 1450 1344 1481 see
1376 1451 1457 1488 my
1488 1436 1653 1481 mortal
1685 1436 1824 1489 being
1855 1435 2108 1489 consigned
2140 1443 2188 1479 to

474 1541 582 1586 rest,
628 1533 721 1577 and
764 1547 914 1577 never
958 1547 986 1577 a
1015 1540 1114 1577 tear
1144 1532 1191 1576 in
1223 1546 1345 1584 your
1376 1546 1674 1584 eye—never
1705 1532 1817 1577 hold
1849 1547 1929 1584 my
1961 1531 2109 1576 bones
2140 1539 2187 1575 to

475 1643 596 1682 your
626 1627 820 1673 bosom”
837 1626 864 1671 P

475 1724 666 1775 Quanto
724 1722 891 1768 melior
936 1731 1035 1767 erat
1082 1722 1304 1767 Italorum
1348 1723 1619 1768 coniectura
1669 1722 1799 1767 fata
1843 1735 2187 1775 opponere

478 1834 619 1872 quam
666 1818 809 1871 Paley
851 1826 978 1863 recte
1024 1818 1183 1863 vertit:
1229 1826 1277 1863 to
1324 1827 1514 1871 present
1560 1834 1641 1871 my
1675 1818 1768 1863 fate
1799 1826 1847 1862 to
1878 1832 1999 1869 your
2028 1813 2188 1873 (mind

476 1914 590 1959 with
621 1911 838 1971 tearless)
869 1928 971 1965 eye.

477 2009 789 2054 Baehrensius
820 2018 990 2062 tamen,
1022 2010 1104 2063 qui
1135 2024 1473 2063 reposcere
1504 2008 1717 2061 coniecit,
1742 2007 1984 2053 contendit
2011 2021 2188 2060 oppo-

475 2120 619 2150 nere
664 2105 742 2150 tali
790 2120 929 2150 sensu
977 2105 1142 2150 Latine
1186 2105 1279 2150 dici
1328 2119 1423 2150 non
1470 2118 1633 2158 posse3
1680 2104 1795 2156 quid
1842 2103 1902 2148 de
1948 2103 2039 2147 hoc
2084 2102 2189 2147 loco

477 2199 725 2245 Ciceronis
758 2197 881 2258 (Pro
913 2199 1110 2252 Quintio
1141 2198 1225 2258 47)
1258 2200 1450 2246 dixisset
1480 2200 1555 2244 vir
1585 2197 1945 2244 doctissimusP:

477 2295 692 2340 Pericula
738 2294 1060 2348 intendantur,
1116 2295 1391 2341 formidines
1443 2303 1847 2349 opponantur
1891 2291 1948 2351 (i.
1996 2308 2037 2338 e.
2084 2300 2192 2337 ante

476 2390 636 2436 oculos
667 2391 744 2435 vel
776 2391 984 2436 animum
1016 2388 1276 2449 ponantur)
1308 2399 1395 2436 etc.

478 2580 654 2625 Iniuria
670 2580 928 2634 Postgatius
944 2596 1054 2626 cum
1084 2581 1367 2626 Housmano
1398 2580 1506 2634 legit
1536 2595 1568 2633 p
1582 2596 1609 2626 e
1623 2588 1677 2625 ct
1691 2595 1721 2625 o
1733 2595 1757 2624 r
1770 2579 1784 2624 i
1799 2579 1830 2624 b
1841 2595 1873 2624 u
1887 2594 1909 2624 s
1940 2593 2026 2632 pro
2058 2578 2072 2622 l
2091 2577 2105 2622 i
2120 2586 2194 2622 to-

477 2675 572 2721 rib
586 2691 665 2728 us,
697 2676 754 2720 cf.
786 2676 1144 2729 explicationem
1178 2676 1473 2721 Rothsteinii.

1034 3023 1289 3069 ELEGIA
1319 3023 1506 3070 XVIII.

376 3169 419 3215 9.
481 3170 611 3222 Quid
636 3179 814 3216 tantum
848 3169 1039 3216 merui?
1070 3185 1191 3223 quae
1222 3179 1267 3215 te
1299 3170 1412 3214 mihi
1444 3170 1651 3214 carmina
1682 3169 1895 3216 mutant?

481 3265 787 3317 Carmina,
819 3266 947 3318 quod
971 3266 1103 3310 multi
1132 3265 1335 3310 editores
1365 3265 1582 3310 hodierni
1619 3280 1727 3310 cum
1760 3264 1923 3309 codice
1955 3264 2191 3309 Pucciano

400 3430 425 3479 ¹)
450 3434 504 3469 sic
530 3446 695 3477 quoque:
722 3434 879 3476 sepelire
905 3434 1049 3469 cineres
1077 3434 1170 3470 Otto
1185 3430 1250 3478 (H.
1264 3434 1310 3469 23
1324 3445 1357 3476 p.
1370 3430 1429 3477 25)
1444 3446 1453 3476 3
1467 3434 1514 3468 et.
1526 3430 1695 3476 Postgnt.
1708 3429 1842 3477 (class.
1858 3433 1949 3468 Rev.
1965 3433 2056 3474 xm,
2072 3444 2104 3474 p.
2118 3428 2192 3476 62).

2206 2500 2282 2549 ἦ.
