2566 3886
372 761 443 808 30.

366 1621 439 1668 39.

362 2288 433 2333 42.

1169 248 1437 293 —224—

626 391 673 427 et
703 383 822 428 lecta
851 398 911 427 ex
942 383 1083 428 sextis
1114 383 1342 437 anguibus
1373 397 1478 428 ossa
1507 384 1710 436 trahunt,

509 476 656 522 Paulo
698 477 879 531 longius
919 477 1064 530 abest,
1106 478 1234 532 quod
1275 477 1376 530 ipse
1423 478 1735 524 coniciebam:
1792 479 2082 526 insectis
2136 496 2222 535 pro

506 572 824 617 exsectis.

507 763 618 808 Hoc
651 778 794 808 versu
826 779 913 818 pro
944 764 1048 808 vir
1065 779 1094 809 o
1125 779 1235 808 cum
1260 763 1462 808 Heinsio
1487 773 1505 808 t
1521 778 1550 808 o
1566 779 1591 808 r
1607 779 1636 808 o
1665 778 1767 809 esse
1783 765 2033 818 legendum
2050 780 2222 812 moneo

504 868 698 913 propter
729 859 1087 911 Phillimorium‚
1110 859 1191 911 qui
1208 860 1308 904 eius
1325 859 1642 904 coniecturam
1659 859 1707 904 in
1724 868 1902 905 textum
1919 875 2015 905 non
2031 861 2222 914 recepit.

512 954 727 999 Eandem
771 955 1085 1007 corruptelam
1132 955 1427 999 invenimusz
1460 954 1521 998 ΙΙ.
1553 952 1595 998 9.
1630 953 1699 999 16.
1732 954 1828 1006 Qui
1874 956 2023 1001 viro
2053 956 2222 1002 mutari

504 1050 686 1102 nolunt,
736 1051 893 1095 locum
940 1051 1188 1103 explicant,
1235 1058 1286 1094 ut
1331 1049 1442 1094 olim
1490 1048 1721 1094 Barthius.
1753 1050 1900 1102 Apud
1932 1066 2075 1105 quem
2106 1052 2223 1098 haee

509 1145 734 1198 legimus:
766 1145 880 1190 mihi
911 1146 1124 1191 funestus
1155 1146 1230 1190 vir
1260 1154 1330 1190 est
1361 1144 1648 1197 Propertius,
1681 1144 1917 1197 Cynthiae
1941 1147 2086 1191 multa
2100 1147 2222 1192 mala

502 1241 833 1294 ingentemque
850 1241 1028 1286 luctum
1046 1241 1245 1285 afferens
1259 1255 1270 1293 ;
1288 1240 1497 1293 intelligit
1513 1240 1735 1285 nimirum
1753 1240 2016 1286 icunculam
2033 1256 2219 1287 ceream

501 1344 667 1388 poetae
713 1336 774 1381 cf.
821 1335 965 1389 Verg.
1014 1335 1114 1380 Ecl.
1147 1335 1262 1388 8,73.
1298 1336 1516 1380 Profecto
1548 1335 1795 1387 explicatio
1825 1336 1964 1382 nimis
1995 1346 2219 1382 contorta.

502 1446 625 1485 quae
658 1431 739 1477 vix
770 1446 825 1476 ac
857 1446 918 1476 ne
950 1431 1031 1476 vix
1064 1431 1258 1484 quidem
1292 1447 1319 1476 e
1350 1431 1509 1476 verbis
1541 1431 1719 1476 traditis
1750 1431 1854 1476 elici
1886 1441 2050 1485 potest.

503 1621 792 1666 Infinitivum
839 1630 986 1674 torq
1003 1637 1034 1666 u
1051 1636 1117 1666 er
1134 1621 1148 1666 i
1165 1636 1233 1665 er
1268 1637 1345 1666 me
1377 1621 1531 1666 iudice
1562 1637 1590 1666 a
1620 1621 1778 1667 verbis
1810 1637 1857 1667 m
1874 1637 1969 1668 ea.
1987 1655 1998 1667 .
2016 1656 2028 1667 .
2060 1639 2107 1668 m
2124 1639 2216 1669 an-

500 1719 531 1762 d
549 1733 576 1762 a
592 1727 609 1762 t
625 1733 652 1763 a
697 1733 721 1762 r
738 1733 765 1762 e
782 1733 812 1770 p
829 1732 858 1762 o
874 1726 977 1762 rto
1020 1717 1219 1769 pendet;
1264 1717 1361 1761 noli
1393 1717 1530 1770 igitur
1560 1733 1669 1762 eum
1703 1718 1990 1764 Baehrensio
2020 1721 2217 1766 credere

502 1813 897 1866 torquerier
927 1828 954 1857 a
1000 1813 1150 1857 verbo
1198 1812 1389 1857 iurab
1407 1828 1436 1857 o
1482 1813 1717 1866 pendere;
1761 1814 1886 1866 vide,
1918 1830 2039 1868 quae
2072 1815 2216 1860 Roth·

498 1909 675 1954 steinus
722 1917 927 1965 annotet.
974 1907 1049 1952 Sic
1097 1923 1288 1962 quoque
1334 1908 1470 1953 facile
1514 1924 1728 1954 caremus
1760 1910 2040 1956 coniecturis
2057 1908 2098 1969 1)
2127 1926 2214 1964 pro

497 2019 524 2048 e
542 2019 563 2048 s
580 2018 601 2048 s
618 2019 645 2048 e
682 2003 943 2056 propositis.
964 2003 1111 2048 Recte
1146 2003 1290 2056 Paley
1321 2003 1566 2056 observat;
1605 2019 1661 2056 „e
1677 2019 1699 2049 s
1716 2019 1737 2049 s
1753 2019 1781 2049 e
1811 2004 1850 2050 is
1881 2006 1954 2050 for
1984 2006 2047 2050 tu
2063 2005 2078 2050 i
2095 2020 2116 2051 s
2133 2021 2154 2051 s
2171 2022 2212 2059 e,

497 2099 590 2143 and
622 2099 806 2152 implies
839 2099 948 2143 the
980 2098 1304 2143 duration
1336 2099 1633 2143 oftime'’.

497 2288 748 2333 Housman
801 2286 993 2346 (Journ.
1048 2289 1096 2333 of
1142 2289 1260 2333 Phil.
1306 2288 1429 2333 XXI
1476 2304 1520 2341 p.
1570 2288 1681 2347 116)
1743 2290 1940 2335 Luciani
1987 2290 2210 2336 Muelleri

499 2384 817 2429 coniecturam
849 2400 968 2437 quo
985 2385 1015 2428 d
1030 2385 1124 2429 sin
1157 2401 1184 2430 e
1215 2394 1273 2430 ta
1289 2401 1319 2429 n
1334 2394 1393 2430 to
1424 2385 1724 2429 commendat
1744 2399 1831 2437 pro
1862 2385 2092 2438 corruptis
2108 2401 2211 2431 ver-

494 2478 579 2531 bis,
612 2494 734 2532 quae
766 2479 813 2523 in
848 2480 1176 2532 manuscriptis
1191 2481 1421 2533 leguntur:
1454 2479 1606 2532 quid
1639 2479 1790 2524 mihi
1821 2479 1870 2524 si
1901 2477 2018 2538 (O),
2045 2482 2208 2534 quod

494 2574 617 2619 nisi
650 2583 707 2619 et
739 2571 857 2632 (N).
908 2575 1033 2619 Mihi
1080 2574 1248 2619 melius
1294 2575 1483 2619 videtur
1523 2590 1631 2619 cum
1666 2575 1971 2620 Lachmanno
2001 2575 2209 2621 scribere

493 2670 668 2722 quod
701 2668 914 2714 mihisi
946 2685 972 2714 e
1010 2678 1213 2721 tanto,
1245 2671 1323 2715 vel
1354 2670 1508 2723 potius
1539 2685 1647 2715 cum
1680 2670 1898 2715 Palmero
1928 2671 2101 2723 quod
2132 2671 2207 2716 mi

492 2763 542 2808 si
574 2779 601 2808 e
634 2772 817 2809 tanto.
856 2763 968 2809 Hoc
999 2766 1192 2818 propius
1223 2765 1354 2810 abest
1384 2781 1411 2810 a
1448 2765 1777 2818 Neapolitano,
1809 2781 1950 2819 quam
1983 2766 2206 2811 Muelleri

492 2858 775 2911 coniectura,
823 2875 944 2913 quae
982 2860 1121 2906 etiam
1155 2861 1263 2906 ideo
1296 2861 1451 2906 minus
1483 2862 1647 2914 placet,
1679 2862 1807 2914 quod
1841 2861 1989 2906 mihi
2021 2862 2099 2906 vel
2130 2861 2204 2906 mi

488 2963 626 3008 aegre
658 2970 886 3000 caremus.

404 3433 434 3479 ¹)
483 3437 690 3473 Baehrenoz
716 3450 840 3480 ecce,
867 3439 1076 3474 Housman:
1102 3440 1150 3480 ip
1165 3451 1182 3474 ο
1195 3452 1228 3474 e.
