2566 3886
1103 252 1367 298 —351-

313 386 384 432 45.
416 386 488 431 46.
520 385 666 431 Nunc
696 385 843 438 spolia
872 384 921 429 in
952 383 1127 436 templo
1157 382 1245 426 tria
1274 381 1486 426 condita:
1518 397 1658 427 causa
1688 380 1871 426 Feretri

608 480 766 525 omine
797 480 925 532 quod
957 487 1086 524 certo
1116 478 1214 522 dux
1243 476 1351 521 ferit
1380 492 1494 521 ense
1524 477 1694 522 ducem

446 575 605 620 Versu
636 573 693 619 45
738 589 826 628 pro
871 589 1000 618 nun
1018 588 1058 624 c,
1104 570 1233 625 quod
1269 585 1329 615 ex
1360 571 1407 615 in
1441 571 1556 623 NV,
1588 587 1696 616 cum
1729 572 1775 616 D
1808 571 2057 625 legendum
2089 579 2158 615 est

448 670 622 714 haec.
688 668 847 714 Versu
907 667 1230 712 breviore
1290 681 1377 717 pro
1438 666 1654 711 omine
1716 681 1811 711 non
1873 665 2160 711 restituenda

452 763 724 808 Baehrensii
767 763 1035 807 coniectura
1066 777 1097 806 n
1114 776 1206 805 um
1224 761 1286 805 in
1304 776 1345 813 e,
1377 776 1498 813 quae
1529 776 1556 805 a
1587 762 1786 806 lectione
1803 761 1849 806 Ο
1881 777 1907 806 c
1924 777 1947 805 r
1964 761 1978 805 i
1995 761 2115 805 min
2133 775 2160 805 e

451 858 772 912 proficiscitur.
836 857 963 902 Nam
1021 864 1196 900 rectam
1242 856 1600 923 explicationem
1647 856 1777 901 vocis
1823 871 1852 901 ο
1869 855 1996 900 min
2014 870 2041 899 e
2084 855 2162 898 dat

455 952 800 1005 Rothsteinius3
862 951 1103 996 crimin
1120 966 1147 996 e
1209 959 1365 996 autem
1433 966 1493 995 ex
1553 930 1644 997 ἕω
1662 951 1724 994 in
1741 965 1768 995 e
1829 958 1983 994 ortum
2046 963 2162 1000 esse,

452 1048 635 1092 omine
666 1046 802 1100 igitur
817 1046 1052 1099 antiquius
1068 1060 1169 1090 esse
1186 1045 1344 1090 docuit
1362 1045 1669 1090 Housmanus
1686 1043 1733 1101 (J
1738 1044 1823 1089 Ph.
1834 1044 1956 1089 XXI
1973 1058 2018 1096 p.
2038 1040 2163 1099 134).

1063 1355 1317 1401 ELEGIA
1347 1355 1434 1401 XI.

455 1487 593 1532 Initio
624 1496 809 1532 nostrae
840 1486 1013 1540 elegiae
1044 1487 1359 1531 necessarium
1380 1494 1449 1530 est
1465 1500 1630 1531 versus
1647 1485 1675 1530 2
1692 1494 1737 1530 et
1753 1485 1781 1531 6
1798 1486 1953 1531 locum
1972 1495 2166 1539 mutare,

454 1583 583 1635 quod
629 1597 676 1627 v.
722 1582 778 1627 cl.
826 1581 1060 1627 Hartman
1107 1596 1297 1635 quoque
1344 1580 1560 1633 probavit
1590 1581 1638 1625 in
1670 1581 1841 1632 libello,
1873 1580 1949 1625 cui
1981 1581 2138 1626 titulus
2156 1596 2167 1625 ε

458 1676 590 1722 Een
637 1692 712 1722 en
758 1677 966 1722 ander
1011 1691 1173 1721 over
1220 1675 1636 1728 Propertius.
1670 1675 2010 1730 Unusquisque
2041 1676 2168 1720 enim

459 1771 602 1816 semel
650 1771 853 1816 monitus
896 1770 1074 1815 videbit
1121 1785 1152 1823 p
1165 1786 1189 1815 r
1202 1785 1228 1815 e
1243 1785 1268 1815 c
1283 1785 1309 1815 e
1323 1785 1344 1814 s
1390 1767 1462 1827 (v.
1496 1767 1550 1827 2)
1581 1785 1676 1814 non
1709 1785 1817 1814 cum
1864 1770 1879 1813 l
1896 1785 1923 1814 a
1938 1785 1964 1814 c
1980 1785 2004 1814 r
2020 1770 2035 1814 i
2053 1786 2098 1814 m
2117 1771 2131 1815 i
2148 1786 2170 1815 s

458 1862 531 1923 (v.
552 1862 617 1923 l),
634 1866 717 1910 sed
743 1865 918 1918 optime
948 1880 1057 1910 cum
1089 1864 1238 1910 verbo
1270 1864 1467 1909 orandi
1499 1862 1572 1922 (v.
1604 1862 1659 1922 5)
1690 1874 1973 1918 congruere3
2005 1881 2170 1910 versus

460 1968 616 2005 autem
663 1959 692 2005 6
737 1975 957 2013 nempe
1003 1969 1137 2006 tuas
1184 1959 1477 2004 lacrimas
1516 1960 1705 2004 litora
1736 1960 1921 2004 surda
1952 1960 2172 2005 bibent

462 2055 696 2108 pertinent
725 2056 785 2101 ad
817 2055 1021 2108 primum
1055 2055 1228 2110 elegiae
1259 2070 1464 2100 versum.

359 2172 401 2218 8.
463 2173 649 2219 obserat
678 2173 906 2219 herbosos
935 2174 1088 2219 lurida
1118 2182 1252 2226 porta
1281 2182 1418 2227 rogos

466 2268 602 2314 Haec
632 2277 702 2314 est
731 2269 869 2314 lectio
901 2268 1216 2322 Neapolitani,
1248 2284 1369 2322 quae
1401 2277 1556 2313 tamen
1589 2284 1703 2313 vera
1733 2283 1836 2314 esse
1867 2269 2043 2322 nequit,
2065 2284 2173 2313 nam

465 2377 750 2417 quamquam
770 2362 1053 2408 vocabulum
1083 2372 1268 2417 rogos
1299 2363 1492 2408 fortasse
1523 2364 1886 2416 sepulcrum
1918 2363 2175 2417 significare

464 2466 628 2511 potest.
675 2473 770 2503 non
802 2457 911 2503 licet
940 2459 1135 2503 credere
1167 2467 1352 2512 poetam
1384 2458 1650 2511 scripsisse:
1682 2467 1845 2511 „porta
1875 2459 1973 2504 orci
2004 2459 2177 2504 claudit

465 2552 777 2605 sepulcrum‚”
824 2552 1097 2605 praesertim
1144 2568 1252 2598 cum
1302 2553 1489 2598 codices
1522 2553 1618 2598 DV
1650 2569 1742 2598 um
1758 2553 1979 2598 brosos
2010 2554 2175 2606 legant,

466 2647 594 2700 quod
640 2661 829 2691 sensum
876 2646 967 2692 loci
1014 2647 1190 2701 optime
1221 2647 1432 2700 restituit,
1465 2647 1503 2692 si
1534 2662 1642 2692 cum
1675 2647 1962 2692 Marklando
1993 2656 2175 2700 rogos

468 2741 516 2786 in
547 2742 722 2786 locos
754 2749 1000 2786 mutamus.
1032 2741 1207 2786 Totum
1239 2742 1376 2795 igitur
1407 2757 1598 2787 versum
1631 2742 1696 2787 sic
1728 2742 2000 2787 scribimus:

588 2835 773 2879 obserat
803 2834 1050 2879 umbrosos
1080 2835 1232 2880 lurida
1261 2844 1395 2889 porta
1425 2837 1566 2881 locos-

367 2951 409 2997 9.
471 2950 546 2996 Sic
577 2960 778 2996 maestae
809 2951 1024 2997 cecinere
1054 2952 1207 2997 tubae.

473 3046 578 3092 Sic
622 3055 750 3092 recte
796 3061 847 3091 se
891 3047 1045 3099 habet,
1083 3062 1239 3100 neque
1270 3062 1389 3099 opus
1420 3055 1490 3092 est
1521 3062 1629 3092 cum
1662 3047 1973 3093 Baehrensio:
2006 3063 2037 3092 u
2054 3056 2072 3092 t
2101 3057 2179 3093 aut

473 3156 581 3186 cum
628 3140 925 3194 Schippersio
970 3139 1203 3198 (Observ.
1244 3141 1344 3186 crit.
1375 3156 1420 3194 p.
1453 3139 1537 3199 82)
1568 3150 1614 3186 et
1645 3141 1810 3186 Bootio
1840 3139 2084 3200 (Bijdrage
2114 3151 2180 3187 tot

474 3237 545 3280 kr.
576 3251 637 3281 en
668 3237 818 3282 verkl.
850 3251 896 3280 v.
929 3236 1070 3288 Prop.
1102 3236 1260 3280 laatste
1290 3235 1437 3288 elegie
1467 3251 1513 3289 p.
1545 3233 1630 3293 26)
1661 3236 1713 3280 si
1744 3251 1990 3290 reponere.

475 3329 580 3375 Sic
611 3339 766 3376 autem
798 3330 889 3375 iam
921 3345 949 3374 a
980 3329 1170 3375 Barthio
1200 3338 1327 3376 recte
1358 3330 1636 3382 explicatur:
1670 3330 1905 3383 „lugubris
1920 3330 2033 3375 tuba
2048 3330 2180 3383 signi-

474 3424 580 3470 ficat
610 3425 748 3478 plane
779 3423 946 3469 abiisse
977 3439 1101 3477 eum,
1133 3424 1265 3469 cuius
1295 3424 1437 3470 funus
1468 3423 1774 3469 celebratur”.
