2566 3886
1129 311 1398 358 -229-

466 450 559 487 tam
591 443 788 495 pulcher
818 442 929 495 sim;
962 457 1120 488 nonne
1152 442 1324 487 mirum
1356 450 1425 487 est
1457 457 1504 487 m
1520 456 1669 487 anus
1701 439 1994 495 potissimum
2026 455 2086 486 ex
2117 449 2183 486 tot

465 538 824 591 pulchritudinis
855 538 994 591 signis
1025 538 1156 591 elegi.

466 632 702 685 Mulvany
747 631 924 690 (Class.
974 633 1093 678 Rev.
1140 632 1189 676 V
1234 647 1279 685 p.
1326 630 1440 690 433)
1486 632 1622 677 aliam
1669 632 1794 677 viam
1833 632 2066 685 ingressus
2098 639 2181 677 est.

465 726 663 773 Confert
678 727 815 773 Plinii
836 728 960 773 Hist.
980 727 1067 772 XI.
1087 727 1186 779 114,
1203 727 1284 772 ubi
1301 727 1496 781 legimus
1512 726 1767 772 Aristotele
1783 735 1974 772 auctore
1988 727 2181 780 „longae

465 822 946 867 essevitaeincurvos
968 822 1143 867 umeris
1166 830 1212 866 et
1243 822 1300 866 in
1333 837 1508 867 manu
1540 837 1634 867 una
1666 823 1820 867 duas
1851 822 2181 867 incisuras

464 917 525 962 lo
542 932 572 961 ιι
589 925 617 970 g
632 931 692 961 as
732 917 1002 962 habentes.”
1035 917 1076 961 L
1092 932 1122 961 o
1139 932 1170 961 ιι
1187 925 1215 970 g
1231 931 1258 961 a
1274 931 1296 961 s
1334 932 1381 961 m
1398 931 1426 961 a
1442 932 1473 961 n
1490 932 1521 962 u
1536 932 1557 962 s
1588 917 1665 962 hic
1697 916 1955 970 significare
1984 931 2180 969 „manus

463 1026 572 1056 cum
604 1010 786 1056 duabus
814 1011 1028 1056 incisuris
1057 1011 1233 1064 longis”
1255 1026 1351 1056 non
1370 1011 1506 1056 facile
1523 1012 1737 1064 credam;
1760 1026 1912 1064 aequo
1941 1011 2180 1056 maioreve

462 1106 564 1151 iure
610 1121 776 1152 manus
807 1121 915 1152 cum
947 1106 1208 1160 praelongis
1240 1106 1391 1160 digitis
1422 1107 1587 1160 longae
1618 1121 1784 1151 manus
1815 1106 2047 1152 nominari
2079 1121 2181 1159 pos-

463 1210 584 1253 sunt.
628 1201 711 1246 sed
755 1201 880 1246 idem
925 1201 1230 1255 philosophus
1272 1202 1398 1254 apud
1444 1201 1648 1245 Plinium
1692 1201 1824 1253 ponit
1867 1200 1990 1246 vitae
2022 1201 2180 1246 brevis

462 1296 616 1350 signa:
658 1297 933 1350 praelongos
970 1296 1148 1349 digitos.
1188 1295 1235 1341 Si
1269 1295 1546 1341 Mulvanius
1577 1295 1741 1340 vertit:
1775 1295 1932 1348 „Why
1963 1295 2045 1341 did
2084 1311 2178 1349 you

461 1391 651 1444 destroy
682 1406 759 1436 me
790 1391 838 1436 in
871 1407 951 1444 my
982 1390 1167 1444 youth?
1199 1391 1220 1436 Ι
1253 1406 1349 1436 was
1381 1391 1605 1444 designed
1637 1399 1685 1435 to
1717 1391 1839 1435 have
1869 1406 1897 1435 a
1917 1391 2025 1444 long
2056 1390 2178 1442 1ife”,

462 1501 557 1531 non
590 1495 673 1539 est,
705 1502 790 1532 cur
821 1502 930 1532 eum
963 1502 1229 1541 sequamur.
1258 1486 1409 1532 Vides
1435 1495 1613 1532 textum
1636 1485 1856 1531 traditum
1875 1486 2064 1531 defendi
2082 1501 2176 1531 non

460 1596 612 1634 posse.

459 1676 699 1728 Quidnam
741 1677 989 1730 legendum
1021 1678 1092 1730 sit,
1124 1686 1329 1731 apparet,
1361 1678 1398 1722 si
1430 1666 1756 1730 comparamus
1787 1685 1972 1722 nostrae
2004 1676 2178 1730 elegiae

461 1785 652 1817 versum
688 1771 743 1817 16

579 1866 791 1919 portabat
822 1875 1005 1912 sanctos
1036 1867 1198 1912 alveus
1230 1867 1306 1912 ille
1338 1867 1479 1912 viros.

460 1960 689 2006 Sanctas
735 1961 861 2007 enim
909 1977 995 2015 pro
1038 1963 1227 2016 longas
1273 1963 1537 2016 legendum,
1584 1970 1635 2007 ut
1680 1970 1787 2007 ante
1820 1977 1896 2007 me
1928 1962 2174 2007 coniecere

460 2056 888 2111 Waardenburgius
919 2055 1124 2116 (Opusc.
1141 2074 1186 2111 p.
1207 2055 1320 2115 259)
1335 2067 1381 2103 et
1398 2057 1723 2103 Baehrensius.
1741 2056 1967 2102 Sanctas
1984 2072 2175 2102 manus

458 2153 632 2206 optime
665 2154 830 2199 Latine
862 2154 1044 2206 dicitur,
1075 2155 1132 2198 cf.
1164 2154 1256 2198 Val
1275 2154 1406 2199 Max.
1425 2154 1486 2198 11.
1503 2153 1545 2205 2,
1562 2152 1613 2198 8:
1631 2152 1989 2206 imperatoribus
2005 2152 2175 2197 nostris

461 2263 602 2302 quam
649 2258 918 2294 sanctas
965 2265 1011 2294 m
1029 2265 1190 2295 anus
1236 2250 1411 2295 habere
1458 2248 1686 2294 deberent
1731 2249 1857 2301 apud
1899 2248 1984 2293 ista
2014 2247 2174 2292 altaria

457 2343 764 2396 discentibus:
795 2344 854 2389 cf.
888 2344 1028 2397 Prop.
1060 2345 1122 2397 11,
1155 2343 1226 2397 32,
1258 2343 1342 2390 28:

575 2439 702 2484 testis
733 2439 825 2484 eris
856 2454 1010 2492 puras,
1044 2440 1251 2492 Phoebe,
1282 2440 1447 2485 videre
1479 2455 1659 2485 manus·

459 2533 623 2579 Minus
654 2535 818 2587 placet,
836 2535 964 2588 quod
981 2535 1254 2588 nuperrime
1271 2535 1471 2580 coniecit
1488 2535 1805 2580 Phillimorius
1838 2532 1971 2592 (CR.
1988 2534 2174 2586 XXIV,

458 2644 503 2681 p.
535 2627 673 2686 214):
705 2629 942 2675 attulimus
973 2631 1123 2675 nullas
1155 2630 1202 2675 in
1233 2630 1352 2675 freta
1383 2638 1539 2675 vestra
1570 2645 1736 2675 manus
1752 2628 1895 2688 (:„1
1912 2631 2034 2675 have
2051 2630 2175 2675 done

459 2738 522 2768 no
553 2723 768 2769 violence
799 2732 847 2769 to
878 2739 998 2776 your
1013 2733 1196 2777 waters‚
1213 2724 1352 2778 given
1370 2740 1463 2777 you
1480 2739 1543 2770 no
1559 2722 1935 2782 provocation'’),
1952 2724 2174 2778 quoniam

459 2817 620 2871 utique
651 2819 728 2863 hic
759 2819 969 2864 dativum
1002 2828 1353 2873 exspectamus;
1385 2821 1514 2874 quod
1546 2835 1654 2865 cum
1687 2820 1879 2865 sentiret
1910 2820 1987 2873 ipe
2016 2820 2173 2865 Philli-

459 2913 635 2958 morius
666 2913 851 2958 citavit:

459 3006 580 3053 Cato
610 3021 683 3060 ap.
715 3007 826 3053 Aul.
860 3007 982 3053 Gell.
1016 3008 1101 3060 IX,
1142 3008 1211 3060 12,
1228 3008 1276 3053 8:
1306 3009 1403 3054 vim
1420 3008 1468 3054 in
1486 3024 1656 3061 corpus
1673 3009 1875 3055 liberum
1892 3024 1987 3055 non
2005 3025 2169 3055 aecum

1312 3119 1539 3149 censuere
1570 3104 1758 3149 adferri.

458 3197 614 3243 Varro
647 3197 704 3242 R.
738 3197 795 3242 R.
828 3198 889 3251 ΙΙ,
920 3198 963 3251 9,
995 3197 1050 3243 9:
1082 3207 1132 3244 ut
1163 3196 1355 3256 (canes)
1386 3199 1435 3243 in
1467 3199 1712 3244 dominum
1740 3199 1944 3244 adferrat
1985 3200 2169 3252 dentes;

457 3299 616 3336 nostro
647 3299 803 3337 tamen
834 3293 938 3338 loco
965 3293 1242 3339 Phillimorii
1261 3294 1552 3340 correctione
1569 3294 1770 3340 admissa
1786 3294 2014 3342 sententia
2030 3295 2168 3343 nimis

458 3385 658 3433 obscura
687 3386 750 3434 fit.
