2566 3886
314 673 386 718 22.

310 1433 382 1479 27.

307 1907 380 1953 28.

1107 257 1374 302 -223—

448 389 663 442 Accedit,
680 398 732 434 ut
747 388 983 442 Suringari
999 388 1268 433 coniectura
1283 396 1388 440 apte
1420 402 1441 433 s
1458 403 1489 441 p
1506 403 1532 432 e
1549 403 1575 432 e
1592 388 1651 433 ul
1665 404 1695 433 u
1710 404 1757 432 m
1785 403 1893 433 cum
1925 388 2163 440 scriniis,

450 485 696 530 lectum
728 500 836 530 cum
853 484 959 529 lecti
990 483 1272 537 pedibus,
1304 492 1488 527 vestes
1504 498 1612 528 cum
1644 483 1869 536 gemmis
1900 482 2162 537 iungantur.

447 683 493 719 et
524 675 710 728 qualem
741 674 870 719 nullo
901 674 1059 718 dicere
1092 673 1266 718 habere
1302 673 1459 717 domo.

447 767 523 814 Sic
570 767 621 813 N
668 784 810 822 quem
843 768 1030 813 Palmer
1067 765 1188 825 (Ha.
1221 767 1307 819 IV,
1339 764 1424 824 60)
1471 766 1716 819 splendide
1763 768 2055 812 emendavit:
2103 777 2162 813 et

445 880 477 918 q
493 880 525 909 u
541 864 598 908 al
614 878 641 908 e
658 879 705 908 m
737 879 768 908 n
785 864 845 908 ol
862 878 891 908 o
911 861 952 920 l)
983 862 1246 907 scribendo.
1280 862 1529 906 Praeterea
1559 876 1645 914 pro
1677 862 1707 906 d
1725 877 1753 906 ο
1770 877 1816 906 m
1834 877 1863 906 o
1896 862 2032 907 domi
2053 864 2161 908 scri-

446 958 655 1003 bendum
689 966 782 1010 est;
822 957 880 1002 cf.
914 957 974 1009 Q.
1022 956 1123 1002 Cic.
1171 957 1231 1001 de
1278 964 1370 1009 pet.
1417 971 1545 1000 cons.
1578 956 1619 1008 2,
1667 955 1718 1000 8:
1766 971 1862 1009 quo
1907 965 2064 1001 tamen
2111 957 2159 1001 in

445 1053 710 1106 magistratu
742 1051 953 1103 amicam,
986 1066 1127 1104 quam
1161 1051 1191 1094 d
1206 1065 1234 1095 o
1249 1065 1296 1094 m
1311 1050 1325 1094 i
1357 1051 1509 1102 palam
1542 1051 1573 1094 h
1587 1066 1614 1095 a
1627 1050 1658 1095 b
1672 1066 1699 1095 e
1712 1066 1736 1095 r
1749 1066 1776 1095 e
1789 1060 1806 1095 t
1838 1052 1898 1096 de
1931 1052 2159 1097 machinis

444 1148 557 1193 emit
583 1145 815 1205 (Housm.
831 1146 997 1192 Journ.
1014 1146 1070 1190 of
1080 1145 1166 1190 Ph.
1184 1144 1321 1190 XXI.
1339 1159 1383 1197 p.
1401 1142 1526 1202 115).
1544 1145 1827 1191 Incredibile
1844 1146 1971 1191 dictu
1987 1146 2159 1192 Vahle-

444 1258 533 1288 nus
565 1243 704 1288 talem
736 1242 1053 1287 coniecturam
1085 1240 1276 1293 spernit.

444 1433 520 1479 De
551 1434 639 1478 hoc
670 1446 827 1484 versu,
858 1446 1001 1484 quem
1035 1429 1264 1474 Heinsius
1294 1429 1358 1474 sic
1390 1430 1690 1475 emendabat:

592 1528 722 1573 illum
754 1526 977 1580 turgentis
1008 1540 1030 1570 s
1046 1541 1073 1570 a
1090 1526 1196 1570 nie
1227 1534 1442 1578 portenta
1472 1526 1665 1571 rubetae

442 1623 727 1668 conferenda
757 1631 864 1668 sunt
895 1636 1016 1674 quae
1046 1621 1285 1666 adnotavit
1318 1621 1666 1674 Broukhusius;
1699 1622 1793 1666 vid.
1826 1623 1964 1668 etiam
2009 1623 2152 1668 Roth-

440 1718 673 1763 steinium.
704 1716 880 1770 Neque
911 1725 997 1770 ego
1027 1717 1278 1770 quicquam
1311 1725 1455 1761 muto.

441 1916 489 1953 et
517 1908 637 1953 lecta
667 1906 841 1952 exectis
872 1906 1099 1960 anguibus
1131 1921 1235 1951 ossa
1265 1907 1467 1951 trahunt.

440 2002 670 2048 Concedo
716 2001 952 2047 nonnullis
997 2001 1111 2046 viris
1156 2000 1304 2046 doctis
1346 2002 1473 2046 hunc
1503 2016 1694 2047 versum
1726 2003 1959 2049 medicina
1990 2013 2150 2058 egere;

441 2113 596 2151 neque
626 2106 783 2142 tamen
800 2105 926 2142 recte
943 2105 1095 2150 agunt,
1128 2096 1207 2150 qui
1237 2096 1502 2149 anguibu
1517 2112 1538 2142 s
1566 2106 1838 2151 corruptum
1856 2114 1958 2144 esse
1974 2109 2150 2154 putant,

441 2207 549 2237 eum
596 2191 826 2237 voeabula
870 2205 1060 2236 ranae
1105 2199 1151 2236 et
1197 2190 1426 2244 strigis
1471 2191 1690 2245 anguium
1723 2193 2010 2238 mentionem
2044 2195 2151 2240 satis

439 2286 708 2339 defendant,
754 2295 804 2331 ut
851 2286 1192 2332 Housmannus
1233 2286 1452 2332 observat
1489 2284 1634 2344 (JPh.
1665 2287 1802 2340 XXI,
1834 2303 1878 2341 p.
1913 2286 2038 2347 190),
2069 2291 2150 2344 qui

440 2381 542 2426 iure
558 2381 690 2426 reicit
709 2381 1001 2426 coniecturas
1017 2382 1178 2435 quales
1209 2397 1236 2426 e
1248 2397 1279 2427 x
1309 2397 1336 2427 a
1349 2391 1366 2426 t
1379 2382 1465 2427 ris
1498 2382 1511 2426 i
1528 2391 1555 2436 g
1569 2383 1628 2427 ni
1643 2383 1674 2427 b
1687 2399 1718 2428 u
1733 2398 1754 2428 s
1771 2381 2151 2443 (Marklandus);

438 2492 594 2530 neque
639 2477 776 2530 igitur
820 2492 988 2522 verum
1034 2476 1152 2522 vidit
1198 2477 1399 2530 Paleyus
1444 2474 1588 2534 (JPh.
1635 2477 1772 2530 XVI,
1818 2494 1863 2532 p.
1913 2477 2023 2537 188)
2064 2495 2151 2533 pro

440 2571 799 2625 anguibus:
847 2572 1183 2626 unguibus
1229 2587 1512 2626 proponens.
1571 2573 1627 2617 In
1674 2574 1938 2619 exectis
1984 2575 2148 2621 vitium

438 2667 633 2712 haerere
664 2682 773 2712 cum
805 2668 974 2712 eodem
1008 2667 1290 2712 Housmano
1331 2683 1527 2721 censeo;
1565 2669 1632 2721 „is
1672 2678 1828 2714 autem
1876 2672 2148 2724 exectis,

438 2761 603 2814 inquit,
629 2762 786 2806 which
816 2762 896 2806 the
927 2762 1101 2807 editors
1132 2764 1242 2808 who
1273 2764 1395 2817 keep
1426 2764 1461 2808 it
1490 2765 1765 2818 apparently
1796 2766 1902 2810 take
1933 2774 1980 2810 to
2012 2780 2148 2810 mean

440 2864 548 2907 „cut
577 2856 745 2908 open”,
762 2871 924 2901 means
941 2866 1048 2909 „cut
1064 2858 1188 2909 out'',
1205 2859 1297 2902 and
1315 2859 1562 2910 therefore,
1580 2873 1632 2903 so
1647 2859 1718 2903 far
1735 2874 1784 2903 as
1801 2860 1890 2904 this
1906 2869 2095 2914 passage
2112 2861 2150 2904 is

436 2950 718 3002 concerned,
750 2965 912 2995 means
943 2951 1179 3004 nothing’'.

436 3043 610 3097 Neque
656 3052 812 3089 tamen
859 3045 1002 3098 magis
1047 3061 1188 3098 quam
1220 3046 1517 3091 coniecturae
1548 3062 1688 3100 supra
1718 3048 1962 3093 damnatae
2002 3049 2146 3101 ipsius

437 3137 703 3183 Housmani
736 3139 965 3184 correctio
996 3140 1168 3191 placet:
1198 3155 1224 3184 e
1241 3156 1272 3185 x
1289 3156 1320 3185 u
1337 3156 1362 3185 c
1379 3149 1397 3185 t
1416 3141 1466 3185 is
1497 3156 1524 3186 a
1541 3157 1572 3185 n
1592 3151 1620 3194 g
1633 3158 1664 3186 u
1681 3142 1695 3186 i
1714 3142 1744 3186 b
1760 3158 1791 3187 u
1809 3157 1830 3186 s
1859 3140 1993 3200 („the
2010 3143 2144 3188 dried

435 3232 599 3278 bodies
626 3233 674 3278 oi
703 3230 941 3291 snakes”).
975 3234 1103 3286 Quid
1120 3235 1369 3288 legendum
1387 3244 1522 3287 esset,
1538 3236 1655 3281 vidit
1672 3236 1785 3281 Otto
1802 3235 1998 3294 (BphW
2017 3237 2144 3290 1884,

437 3342 513 3372 no.
548 3324 650 3385 18):

350 3433 382 3478 ¹)
430 3435 514 3472 Juv.
539 3437 638 3471 VIII.
662 3436 744 3477 275,
773 3435 910 3471 Catull.
935 3436 992 3471 67.
1018 3436 1075 3471 45.
