2566 3886
349 2602 416 2646 12.

345 2887 414 2932 13.

1182 269 1417 316 -32—

505 401 700 454 quaevis
773 417 926 454 nuper
999 411 1155 455 empta
1228 418 1353 448 nunc
1426 404 1624 457 imperat
1698 406 1802 458 tibi;
1876 409 2016 461 paulo
2088 410 2221 455 aliter

503 512 534 549 q
552 513 582 542 u
600 512 669 541 ae
686 497 788 542 vis
873 498 1192 543 accusativum
1269 513 1373 543 esse
1448 509 1608 545 censet
1684 501 1884 555 Palmer;
1962 503 2220 557 Postgatius

502 607 534 645 q
551 608 582 637 u
599 593 614 637 i
630 593 661 637 d
678 608 711 637 v
728 593 741 637 i
758 607 780 637 s
811 593 1025 638 coniecit.

504 688 741 733 Mihinon
759 689 912 742 placet
942 690 1118 734 modo
1149 698 1367 742 empta;
1399 699 1600 742 empta
1630 691 1757 736 enim
1790 706 1970 737 serva
2000 703 2089 747 est3
2121 710 2216 740 non

501 792 653 836 potest
670 784 807 837 igitur
823 785 965 829 verti:
988 786 1212 837 puella,
1245 800 1402 838 quae
1434 786 1613 831 modo
1645 788 1946 833 meretrix
1976 790 2216 836 venalis

499 887 653 931 erat,
695 894 857 924 nunc
901 879 1012 924 tibi
1049 880 1370 933 quidlibet
1406 880 1691 933 imperat,
1730 891 1780 926 ut
1821 882 2011 928 Palmer
2040 881 2214 942 (praef.

495 990 540 1028 p.
585 972 661 1032 X)
698 976 820 1020 vult:
853 991 948 1020 non
981 990 1134 1028 nuper
1165 990 1303 1021 serva
1335 984 1446 1028 erat,
1479 977 1563 1021 sed
1595 992 1723 1022 nunc
1755 993 1946 1031 quoque
1978 993 2116 1024 serva
2145 988 2215 1024 est

498 1071 825 1124 manebitque;
874 1087 1030 1124 neque
1077 1080 1237 1117 nostro
1284 1087 1426 1117 versu
1474 1088 1636 1117 nunc
1680 1082 1726 1118 et
1773 1075 1949 1119 modo
1995 1074 2118 1119 inter
2163 1090 2214 1120 se

496 1175 818 1219 opponuntur:
866 1183 1027 1212 nunc
1072 1167 1339 1220 oppositum
1386 1176 1457 1212 est
1502 1167 1546 1212 ei
1589 1168 1804 1221 tempori,
1836 1184 1932 1221 quo
1963 1169 2083 1214 liber
2113 1178 2212 1214 erat

496 1262 734 1307 Ponticus.
768 1263 897 1316 Lego
929 1263 1067 1316 igitur
1098 1278 1206 1308 cum
1239 1262 1318 1308 vC
1349 1272 1395 1308 et
1428 1263 1755 1308 Lachmanno:

645 1366 691 1402 et
722 1357 805 1402 tibi
838 1373 965 1403 nunc
1012 1359 1241 1410 quovis
1287 1358 1486 1412 imperat
1517 1367 1674 1411 empta
1705 1360 1861 1404 modo.

494 1548 609 1594 Non
642 1564 719 1594 me
751 1548 997 1594 Chaoniae
1029 1549 1220 1594 vincant
1252 1549 1299 1594 in
1332 1564 1493 1594 amore
1525 1549 1773 1594 columbae

643 1645 802 1690 dicere
834 1659 954 1697 quos
985 1644 1184 1689 iuvenes
1214 1659 1433 1697 quaeque
1465 1645 1622 1698 puella
1653 1645 1826 1689 domet.

491 1739 585 1784 Pro
646 1755 931 1792 quaeque
997 1739 1311 1784 Baehrensius
1357 1754 1666 1792 quamque
1712 1739 1927 1791 coniecit,
1973 1739 2203 1791 absurdez

489 1835 798 1888 Rossbergius
844 1832 1177 1892 (Fleckeisens
1223 1834 1386 1879 Jahrb.
1430 1833 1544 1879 1883
1587 1850 1632 1888 p.
1676 1831 1761 1891 68)
1803 1848 1835 1886 q
1851 1849 2087 1887 uaeque
2117 1849 2205 1888 pro

487 1940 547 1976 et
592 1946 749 1984 quae
796 1931 938 1976 habet
984 1931 1280 1983 confertque:
1329 1929 1511 1983 Nepos,
1558 1930 1656 1975 Att.
1692 1929 1791 1982 18,3
1823 1938 2021 1975 notans
2051 1931 2147 1984 qui
2177 1947 2205 1976 a

485 2041 709 2079 quoque
756 2035 920 2071 ortus
970 2041 1110 2079 quos
1171 2027 1415 2071 honores
1475 2025 1794 2078 quibusque
1855 2026 2203 2078 temporibus

484 2122 744 2175 cepisset3
777 2122 824 2167 in
856 2137 952 2175 quo
983 2122 1089 2167 loco
1119 2130 1277 2166 tamen
1309 2121 1426 2165 nihil
1456 2120 1614 2165 auxilii
1646 2129 1717 2165 est
1735 2121 1795 2165 ad
1811 2120 1912 2165 eius
1928 2121 2200 2173 opinionem

484 2218 823 2270 stabiliendam,
870 2232 1027 2270 neque
1058 2217 1186 2262 enim
1218 2217 1414 2270 legimus
1445 2217 1570 2270 apud
1603 2215 1843 2268 Nepotem
1876 2224 2074 2261 notans
2104 2217 2199 2269 qui

572 2329 824 2366 quosque
856 2314 1100 2358 honores
1220 2312 1476 2365 cepisset.

482 2410 661 2454 Veram
694 2409 1038 2462 explicationen
1069 2409 1201 2454 dedit
1232 2408 1568 2454 Rothsteinius.

480 2601 574 2646 Pro
621 2601 785 2646 levia
827 2598 929 2659 (Ο)
976 2615 1085 2645 cum
1117 2600 1350 2645 Beroaldo
1382 2599 1633 2652 legendum
1665 2598 1850 2650 lenia;
1883 2597 2038 2643 Amor
2067 2597 2194 2643 enim

478 2706 762 2741 mansuetus.
796 2696 1070 2741 Phillimore
1102 2710 1198 2740 non
1230 2703 1357 2740 recte
1388 2694 1558 2739 retinet
1589 2693 1772 2738 levia.

476 2888 491 2932 i
522 2902 699 2940 quaeso
730 2896 777 2932 et
807 2886 947 2932 tristis
979 2887 1089 2931 istos
1121 2900 1354 2938 compone
1385 2885 1567 2930 libellos

476 2983 550 3028 En
567 2997 734 3028 versus
750 2981 993 3034 difficilior,
1010 2996 1153 3034 quem
1169 2980 1406 3033 Rossberg
1417 2977 1473 3038 (l.
1487 2976 1544 3037 1.)
1558 2979 1907 3032 interpretatur:
1935 2994 1966 3023 n
1980 2994 2011 3023 u
2023 2994 2054 3023 n
2079 2987 2108 3032 g
2119 2993 2147 3024 e
2158 2979 2190 3023 h

473 3079 641 3130 doch,
676 3078 847 3129 bitte,
879 3077 999 3122 und
1030 3077 1311 3121 veriasse
1342 3075 1572 3120 einmal
1604 3074 1814 3119 solche
1846 3074 2189 3127 triibselige

472 3173 822 3218 biichelchen
855 3169 984 3230 (wie
1017 3168 1145 3229 ich).
1173 3170 1397 3216 Ponticus
1422 3171 1548 3215 hatte
1570 3169 1782 3215 offenbar
1803 3169 1880 3213 die
1902 3168 2081 3221 elegien
2104 3169 2188 3213 des

473 3269 685 3321 Properz
731 3267 1050 3322 wegwerfend
1085 3266 1168 3310 mit
1211 3266 1371 3310 triste
1415 3265 1506 3310 isti
1550 3264 1731 3309 libelli
1774 3263 2071 3315 bezeichnen
2104 3263 2187 3308 das

470 3364 607 3408 riickt
624 3364 721 3408 ihm
738 3363 880 3416 Prop.
894 3362 1007 3416 ietzt
1023 3377 1124 3414 vor,
1139 3362 1230 3415 vgl.
1246 3360 1367 3405 Hor.
1382 3375 1524 3405 carm.
1539 3359 1576 3404 Ι.
1594 3358 1665 3404 23.
1683 3358 1730 3403 2:
1749 3358 2037 3403 miserabiles
2053 3357 2184 3410 elegi.

472 3458 608 3504 Haec
655 3458 975 3510 interpretatio
1022 3457 1114 3502 iam
1162 3465 1297 3502 antea
1333 3470 1449 3500 vera
1478 3454 1580 3500 visa
1609 3462 1708 3499 erat
1741 3453 2071 3506 Hertzbergio,
2102 3451 2184 3504 qui

2556 3185 2566 3364 vermi-‘mamni
2559 3134 2566 3171 ...a
2559 3108 2566 3122 ›.
2564 3075 2566 3077 .
2564 3007 2566 3010 .

2543 3818 2552 3829 ’
2546 3582 2566 3737 ⁷-¹⁵=·‹0mn=
2552 3369 2566 3571 meanz-20³.»ss
