2566 3886
1146 264 1381 310 —91-

477 412 586 443 cum
633 396 856 442 militibus
901 396 1121 450 verisque
1159 395 1320 441 castris
1352 404 1444 448 est;
1476 404 1522 441 at
1553 396 1600 440 in
1632 395 1902 441 Amoris
1934 395 2185 440 castris

473 492 643 538 Castor
672 506 775 537 sum
807 490 957 545 iisque
987 491 1178 545 gloriam
1210 505 1363 536 meam
1395 490 1593 536 debeo'’.

342 683 410 728 14.
473 682 599 728 Cum
651 682 936 728 Baehrensio
957 678 998 739 1)
1029 696 1115 734 pro
1161 681 1293 726 erit
1339 689 1447 726 erat
1492 682 1608 735 lego.
1656 681 1955 727 Pentameter
2000 697 2186 727 causam

473 778 716 823 nominare
757 776 912 828 debet,
950 791 1035 821 cur
1066 775 1339 828 Propertius
1370 791 1465 821 non
1498 776 1536 820 is
1568 776 1625 821 sit
1656 777 1736 829 qui
1768 776 1941 821 liberos
1973 786 2189 829 procreet

444 886 448 890 ·
474 872 699 918 exercitui
731 871 962 916 Romano.
1007 871 1164 922 Quam
1202 870 1349 924 longis
1380 870 1652 924 ambagibus
1683 886 1802 923 opus
1833 871 1890 915 sit
1917 872 1976 916 ad
2008 880 2187 917 textum

468 967 688 1012 traditum
717 966 1084 1018 defendendum,
1115 965 1318 1010 ostendit
1334 965 1581 1019 explicatio
1598 965 1949 1011 Fleischmanni
1966 963 2186 1024 (Quaest.

472 1062 685 1114 Propert.
720 1062 756 1106 Ι.
788 1076 833 1114 p.
869 1057 964 1118 18).

343 1252 411 1298 15.
475 1252 570 1298 Hic
602 1267 767 1297 versus
798 1266 825 1296 a
855 1251 1011 1296 multis
1043 1251 1156 1296 viris
1187 1251 1335 1297 doctis
1367 1252 1692 1305 pessumdatus
1712 1260 1794 1297 est.
1813 1251 1939 1297 Cum
1958 1251 2189 1297 Beroaldo

472 1347 599 1392 enim
631 1346 724 1392 leni
755 1346 1047 1391 correctione
1079 1346 1141 1391 ita
1171 1347 1396 1400 legendus
1428 1355 1520 1392 est:

591 1443 719 1496 quod
767 1442 803 1487 si
851 1456 965 1487 vera
1010 1457 1144 1487 meae
1191 1442 1464 1487 comitatem
1511 1451 1660 1488 castra
1691 1443 1874 1495 puellae

459 1539 587 1592 quod
631 1538 697 1583 sic
744 1538 942 1590 explico,
991 1538 1057 1590 „si
1105 1546 1254 1583 castra
1285 1553 1418 1583 meae
1450 1539 1648 1591 puellae,
1680 1535 1765 1597 (cf.
1799 1538 1893 1583 Ov.
1921 1538 2033 1583 Am.
2067 1539 2102 1583 1.
2135 1538 2186 1583 9:

475 1634 637 1679 militat
667 1633 820 1678 omnis
850 1648 1026 1685 amans,
1058 1642 1104 1678 et
1134 1633 1275 1678 habet
1306 1648 1389 1678 sua
1420 1642 1569 1679 castra
1601 1632 1820 1691 Cupido)
1851 1649 1971 1688 quae
2003 1649 2189 1688 sequor,

474 1744 589 1775 vera
618 1738 767 1775 castra
797 1738 966 1781 essent,
998 1729 1201 1781 optimus
1232 1728 1366 1773 miles
1397 1730 1594 1774 essem”.

478 1824 796 1870 Phillimorius
828 1824 942 1870 nihil
975 1833 1120 1869 mutat
1150 1824 1352 1878 legitque
1400 1839 1425 1868 c
1442 1839 1471 1868 o
1489 1824 1602 1869 mit
1617 1840 1644 1870 a
1660 1840 1684 1869 r
1700 1840 1727 1870 e
1744 1834 1823 1870 nt.

476 1919 568 1965 Sed
599 1921 789 1973 pluralis
820 1921 949 1965 nullo
981 1920 1124 1965 modo
1155 1919 1346 1965 defendi
1378 1928 1542 1972 potest,
1575 1929 1621 1964 et
1652 1920 1907 1966 absurdum
1928 1919 1969 1979 2)
1999 1936 2188 1966 sensum

476 2015 643 2060 reddit.

344 2205 415 2251 20.
477 2206 553 2251 hic
584 2206 673 2251 erit
703 2215 748 2251 et
780 2206 928 2259 patrio
960 2206 1183 2259 sanguine
1214 2205 1359 2258 pluris
1391 2219 1535 2250 amor.

478 2300 773 2346 Vocabulum
825 2316 936 2346 san
954 2301 1106 2354 guin
1124 2316 1151 2345 e
1197 2300 1311 2345 mihi
1358 2310 1630 2354 corruptum
1678 2316 1780 2346 esse
1830 2301 2030 2354 videtur,
2078 2317 2186 2346 cum

477 2397 671 2441 credere
717 2411 812 2441 non
860 2396 1032 2449 possim
1079 2411 1110 2449 p
1127 2411 1154 2440 a
1170 2404 1186 2440 t
1203 2411 1226 2439 r
1242 2395 1256 2439 i
1274 2411 1303 2440 o
1349 2410 1370 2440 s
1387 2411 1414 2440 a
1430 2411 1460 2440 n
1478 2404 1505 2449 g
1521 2412 1551 2440 u
1569 2395 1582 2440 i
1601 2412 1631 2440 n
1650 2412 1676 2441 e
1723 2395 1980 2449 significare
2027 2411 2188 2449 posse:

477 2492 592 2536 der
637 2492 989 2536 abstrakte
1037 2490 1306 2544 Begriff
1339 2492 1455 2536 der
1494 2491 1940 2536 Vaterschaft
1980 2492 2028 2536 id
2060 2492 2187 2545 quod

478 2588 578 2632 vult
620 2587 954 2632 Rothsteinius.
987 2586 1114 2632 Cum
1144 2585 1379 2639 Postgatio
1410 2582 1553 2643 (JPh.
1588 2585 1673 2637 IX,
1706 2602 1750 2639 p.
1782 2584 1866 2644 66)
1898 2601 2089 2631 versum
2123 2586 2189 2630 sic

478 2683 632 2736 legere
662 2681 830 2727 velim:

597 2776 673 2821 hic
704 2776 792 2821 erit
822 2785 868 2821 et
899 2776 1048 2829 patrio
1094 2776 1315 2821 nomin
1333 2791 1360 2820 e
1406 2776 1552 2828 pluris
1583 2791 1729 2827 amor.

480 2887 591 2916 san
608 2871 761 2924 guin
779 2886 805 2916 e
851 2887 878 2916 e
924 2886 1066 2916 versu
1100 2870 1155 2915 14
1186 2870 1428 2923 irrepsisse
1459 2879 1598 2915 ratus.

481 2966 593 3010 Post
634 2980 824 3010 versum
866 2965 923 3010 20
964 2965 1299 3019 transponendi
1341 2974 1448 3010 sunt
1479 2981 1644 3011 versus
1676 2966 1746 3017 41,
1780 2965 1836 3010 42
1868 2966 2191 3018 praecedentis

482 3060 655 3114 elegiae
674 3057 740 3117 ⁸):

401 3210 431 3256 ¹)
481 3214 526 3247 cf.
549 3209 603 3253 II,
628 3211 685 3252 34,
711 3211 767 3245 56.

400 3268 430 3315 ²)
481 3273 527 3306 cf.
554 3272 664 3312 Paley
794 3271 856 3304 the
889 3270 1005 3309 plural
1030 3270 1199 3304 involves
1225 3281 1270 3304 an
1297 3270 1502 3310 absurdity,
1527 3281 1567 3303 as
1594 3270 1622 3303 it
1647 3269 1769 3304 would
1797 3277 1951 3304 convert
1978 3281 1998 3303 a
2036 3272 2190 3311 compli-

493 3337 594 3365 ment
619 3330 698 3364 into
724 3341 769 3362 an
794 3329 919 3362 insult.

399 3387 430 3433 8)
480 3390 688 3424 Hartmano
714 3389 835 3422 iudice
861 3387 906 3421 C.
931 3384 1012 3422 VII
1037 3388 1195 3428 primum
1222 3389 1354 3422 clausit
1381 3395 1489 3428 poeta
1514 3389 1694 3422 disticho:
1721 3399 1812 3429 „nos
1839 3399 1931 3422 uxor
1947 3408 1959 3416 -
1974 3400 2067 3422 uxor
2081 3389 2191 3430 eris”,

351 3450 483 3485 deinde
516 3449 551 3483 id
585 3449 707 3490 posuit
732 3449 829 3490 quod
855 3458 950 3481 nunc
977 3447 1014 3482 in
1039 3447 1157 3482 nostri
1184 3448 1358 3482 carminis
1383 3448 1454 3481 fine
1481 3448 1633 3490 legitur:
1661 3454 1724 3489 „tu
1752 3448 1841 3482 mihi
1868 3468 1880 3475 -
1908 3448 2021 3488 pluris
2048 3449 2191 3482 amor''.
