2566 3886
335 2284 403 2331 13.

334 2499 403 2544 17.

338 3253 406 3299 18.

1123 266 1297 312 —347
1329 291 1388 299 -

466 398 807 451 nachtraglicbe
840 397 1103 451 Erklfirung
1121 398 1273 442 dieses
1305 397 1379 442 Sa
1394 413 1425 442 n
1443 412 1469 441 c
1485 405 1596 448 tus,
1628 396 1694 441 als
1725 395 1788 441 ob
1806 410 1857 440 es
1873 395 2044 440 hiesse:
2067 409 2176 439 nam

465 493 687 546 quoniam
730 492 776 537 ff.
824 492 1078 537 Vielleicht
1122 492 1180 537 ist
1225 501 1359 545 sogar
1403 491 1525 536 eben
1573 490 1726 536 dieses
1771 489 1908 535 Wort
1944 503 2028 534 aus
2067 489 2177 533 dem

465 587 751 632 verderbten
783 603 814 632 n
830 602 862 632 u
879 603 910 631 n
927 602 953 632 c
984 602 1030 631 v.
1062 586 1119 631 73
1150 602 1212 632 zu
1243 586 1583 631 restituieren”.

468 687 579 732 Hoc
639 696 795 732 tamen
853 696 1179 740 argumentum
1241 686 1435 731 minime
1490 687 1615 731 valet
1666 687 1725 730 ad
1770 684 2177 738 transpositionem

468 783 854 836 elegantissimam
899 791 1039 835 atque
1085 782 1394 827 necessariam
1440 781 1749 826 refutandam.
1797 779 1881 824 Est
1921 778 2047 824 enim
2086 779 2180 823 lan-

461 877 784 931 guidissimum
816 886 1016 930 poetam,
1048 885 1293 930 postquam
1326 877 1485 921 Deum
1516 876 1698 920 salvere
1729 874 1927 926 iusserit,
1959 873 2178 926 superad-

463 972 577 1017 dere
608 987 809 1024 causam‚
841 987 926 1017 cur
956 973 1047 1017 hoc
1078 972 1269 1016 nomine
1301 986 1410 1016 eum
1442 971 1716 1024 alloquatur.

465 1066 763 1111 Vocabulum
821 1067 916 1111 sic
961 1081 1020 1111 eo
1052 1067 1195 1111 modo
1238 1065 1460 1118 explicari
1503 1072 1668 1117 potest,
1714 1079 1810 1117 quo
1859 1062 2179 1108 Rothsteinius

465 1161 687 1214 explicuit
717 1162 884 1206 collato
916 1161 978 1213 11,
1010 1160 1051 1206 8.
1084 1160 1155 1206 29.

463 1255 622 1301 Versu
653 1255 710 1300 73
741 1257 772 1300 h
789 1271 820 1301 u
837 1271 909 1300 nc
940 1271 1093 1308 servo,
1124 1271 1280 1309 neque
1311 1270 1419 1300 cum
1452 1255 1577 1300 Italis
1608 1269 1639 1299 n
1657 1270 1734 1299 un
1752 1269 1778 1298 c
1810 1250 1988 1312 (ergo),
2024 1268 2179 1306 neque

464 1365 572 1395 cum
606 1350 892 1395 Baehrensio
923 1351 954 1396 h
971 1351 1076 1396 uic
1108 1350 1304 1404 corrigo.

1083 1574 1337 1620 ELEGIA
1366 1574 1429 1619 X.

464 1694 486 1738 1
503 1709 551 1739 m
568 1693 598 1738 b
615 1694 729 1746 uis,
761 1694 889 1748 quod
920 1694 1086 1747 legitur
1116 1694 1163 1738 in
1196 1693 1511 1746 Neapolitano
1534 1717 1591 1724 —
1614 1693 1757 1738 ceteri
1789 1693 1975 1738 induis
2003 1692 2177 1738 habent

464 1812 523 1819 —
552 1803 580 1833 a
610 1788 845 1834 nonnullis
875 1797 1148 1841 corruptum
1179 1788 1389 1833 habitum
1422 1788 1543 1833 bene
1556 1787 2179 1833 defendituraC.Brandtio

464 1881 684 1941 (Quaest.
716 1883 929 1936 Propert.
955 1897 1000 1935 p.
1017 1880 1115 1941 44).
1147 1883 1193 1928 Is
1209 1883 1336 1928 enim
1353 1883 1479 1927 enim
1497 1882 1697 1935 ..imbuis
1713 1883 1982 1936 exemplum
1999 1882 2177 1935 primae

464 1978 603 2023 huius
619 1978 829 2031 palmae'’
846 1977 1103 2031 significare
1125 1978 1262 2022 dicit:
1289 1977 1523 2030 „primum
1545 1978 1811 2031 exemplum
1835 1977 1974 2022 huius
1995 1978 2177 2030 palmae

465 2073 623 2118 dando
653 2072 824 2118 imbuis
854 2074 976 2118 hanc
1006 2073 1253 2126 palmam”‚
1284 2073 1344 2117 cf.
1367 2073 1501 2117 siccis
1523 2073 1682 2118 oscula
1702 2073 1808 2118 falle
1830 2072 1959 2126 genis
1974 2091 2027 2114 =
2042 2071 2176 2117 siccis

466 2167 595 2221 genis
624 2168 784 2212 oscula
814 2168 971 2212 dando
1001 2167 1123 2213 falle.

465 2286 795 2331 Librandi
841 2285 1042 2331 verbum
1085 2294 1248 2331 contra
1286 2286 1438 2338 Italos,
1470 2286 1551 2340 qui
1598 2285 1976 2331 vibrantem
2023 2286 2177 2331 conie-

464 2389 630 2426 cerunt
660 2381 782 2426 bene
812 2389 969 2426 tuetur
1000 2381 1284 2434 Hertzberg,
1315 2381 1410 2426 vid.
1442 2381 1544 2426 eius
1574 2380 1938 2426 adnotationem.

465 2499 613 2545 Urbis
670 2499 948 2553 virtutisque
1004 2514 1174 2552 parens
1220 2499 1286 2545 sic
1332 2500 1525 2545 vincere
1572 2499 1725 2545 suevit

465 2594 794 2639 virtutum
843 2594 952 2646 DV.
999 2594 1322 2640 virtutem
1370 2594 1426 2646 F,
1472 2594 1758 2640 virtutis
1805 2594 1870 2639 N.
1902 2594 2029 2640 Cum
2061 2594 2177 2639 nihil

465 2687 522 2732 sit
556 2703 643 2733 cur
668 2690 897 2742 pluralem
937 2690 1120 2734 virtu
1136 2698 1201 2734 tu
1218 2705 1280 2741 m,
1311 2689 1392 2742 qui
1424 2689 1618 2734 traditus
1649 2698 1719 2734 est
1750 2689 1797 2734 in
1830 2689 1942 2741 DV,
1973 2704 2060 2743 pro
2077 2705 2176 2734 cor-

464 2783 672 2828 rectione
702 2783 972 2835 habeamus,
1003 2784 1079 2829 hic
1110 2785 1241 2829 locus
1271 2784 1326 2829 iis
1356 2784 1738 2829 adnumerandus
1769 2793 1851 2837 est,
1884 2784 2055 2837 quibus
2079 2784 2176 2829 DV

466 2878 709 2922 meliorem
740 2878 967 2931 praebent
997 2879 1260 2923 lectionem.

466 2971 690 3026 Namque
720 2982 847 3018 recte
879 2973 1190 3018 Baehrensius
1221 2973 1535 3026 comparavit:
1567 2972 1671 3018 Cat.
1704 2972 1761 3018 68
1786 2972 1844 3018 90
1861 2971 2004 3018 Troia
2019 2973 2175 3018 virum

467 3075 514 3112 et
574 3067 800 3112 virtutum
845 3067 1056 3112 omnium
1102 3067 1272 3111 acerba
1319 3067 1449 3118 cinis,
1496 3068 1555 3111 ad
1602 3082 1744 3119 quem
1787 3067 1942 3112 locum
1975 3067 2179 3112 editores

467 3161 609 3206 citant
638 3161 781 3214 Verg.
813 3160 938 3206 Aen.
971 3161 1008 3212 1,
1040 3160 1141 3213 566,
1179 3161 1615 3215 virtutesque
1660 3161 2000 3213 virosque.

468 3255 548 3308 qui
580 3255 682 3299 tulit
712 3270 740 3299 a
769 3270 915 3308 porco
945 3255 1109 3308 frigida
1139 3264 1288 3300 castra
1317 3256 1427 3300 lare.

468 3349 562 3394 Pro
608 3349 836 3394 vocabulo
882 3357 1102 3402 corrupto
1149 3364 1180 3401 p
1195 3365 1259 3394 or
1275 3365 1300 3394 c
1314 3365 1357 3401 ο,
1402 3358 1453 3394 ut
1498 3351 1656 3404 legunt
1699 3349 1907 3402 NFDV,
1939 3349 2177 3403 ingeniose

468 3443 737 3488 emendavit
768 3443 990 3488 Iacobus:
1022 3458 1053 3496 p
1069 3458 1097 3488 a
1112 3458 1136 3488 r
1152 3459 1178 3488 c
1194 3459 1237 3488 o.
