2566 3886
230 2506 298 2550 11.

1022 262 1289 308 -108-

359 393 498 439 totius
524 393 743 438 carminis
770 392 1074 438 sententiam:
1107 401 1469 438 contentus
1506 393 1816 448 felixque
1853 410 2079 448 essem,

363 489 415 534 si
462 503 490 533 a
535 487 834 541 Cynthia
880 503 1041 532 vere
1088 503 1372 534 amarer:
1411 497 1538 541 optat
1570 489 1706 543 igitur
1737 490 1880 544 magis
1911 490 2081 544 quibus

360 599 521 629 carere
553 583 754 635 videtur,
786 598 927 636 quam
961 583 1096 628 iactat
1127 598 1247 638 quae
1279 583 1433 637 habet.
1465 585 1550 630 cf.:

360 697 405 725 v.
441 679 495 724 13
527 680 643 724 haec
675 679 755 724 ubi
787 679 1063 732 contigerint

360 791 405 819 v.
441 774 495 820 15
527 790 647 828 quae
679 774 715 819 si
747 774 868 819 forte
900 774 1047 819 bonas
1078 775 1137 820 ad
1170 790 1334 827 pacem
1367 775 1560 820 verterit
1592 776 1730 821 auris.

361 870 509 916 Sentit
551 870 677 915 enim
718 871 808 915 hoc
854 878 1093 914 momento
1136 870 1372 914 fortunam
1417 870 1589 916 amoris
1633 886 1728 916 non
1773 880 1947 916 certam
1980 885 2082 916 esse

360 981 515 1020 neque
545 966 703 1017 fuisse,
735 974 786 1010 ut
818 965 942 1010 Itesii
975 965 1132 1010 verbis
1165 974 1280 1011 utar.

360 1061 610 1106 Praeterea
642 1076 701 1106 ne
718 1060 1064 1112 obliviscamur,
1088 1061 1215 1114 quod
1238 1060 1570 1106 Fleischmann
1590 1061 1770 1113 omittit,
1794 1061 1874 1116 qui
1896 1061 2080 1106 animus

364 1156 422 1202 sit
452 1165 618 1210 poetae
651 1156 698 1201 in
731 1157 818 1201 hac
849 1165 980 1210 parte
1013 1156 1132 1201 libri.

362 1252 489 1305 Lege
521 1251 634 1296 mihi
667 1266 858 1296 carmen
891 1260 1110 1297 octavum
1144 1267 1212 1297 vs.
1248 1251 1299 1296 ll

514 1363 711 1393 munera
742 1357 915 1401 quanta
946 1348 1056 1393 dedi
1088 1348 1165 1393 vel
1197 1347 1351 1401 qualia
1381 1347 1589 1392 carmina
1619 1346 1733 1392 feci!

632 1444 709 1488 illa
740 1452 894 1489 tamen
928 1459 1169 1497 nunquam
1202 1444 1355 1488 ferrea
1386 1443 1503 1488 dixit
1537 1443 1723 1496 „Amo”

361 1549 407 1585 et
437 1541 553 1585 duas
585 1540 683 1584 illas
715 1539 883 1592 elegias
915 1554 1035 1592 quae
1067 1547 1340 1592 sequuntur.

363 1636 575 1681 Eandem
600 1635 775 1688 ubique
807 1634 1035 1680 tristitiem
1069 1643 1335 1687 cognosce&
1367 1648 1650 1687 quamquam
1684 1642 1842 1679 nostro
1874 1635 2081 1679 carmine

361 1731 453 1776 iam
502 1730 841 1785 praesentimus
889 1739 1074 1783 poetam
1122 1745 1229 1774 cum
1277 1730 1431 1782 puella
1484 1729 1531 1773 in
1582 1730 1771 1783 gratiam
1820 1730 2080 1775 rediturum

363 1824 446 1883 (cf.
480 1841 670 1871 carmen
702 1822 865 1883 XIV).

362 1958 465 2003 Has
497 1957 558 2002 ob
591 1971 753 2002 causas
785 1972 975 2002 carmen
1008 1972 1156 2002 unum
1189 1971 1291 2002 esse
1323 1971 1478 2010 neque
1510 1957 1557 2001 in
1591 1957 1706 2001 duas
1739 1965 1893 2001 tresve
1925 1965 2079 2010 partes

362 2053 672 2097 dividendum
705 2067 807 2097 esse
839 2052 953 2097 mihi
985 2067 1260 2106 persuasum
1292 2061 1374 2096 est.

363 2183 492 2236 Quid
540 2198 626 2236 pro
674 2191 894 2236 corrupta
936 2198 1055 2228 voce
1101 2183 1298 2228 Etrusca
1341 2183 1590 2235 legendum
1635 2182 1705 2234 sit,
1753 2183 1925 2234 nescio,
1969 2197 2076 2227 cum

360 2279 488 2324 nulla
518 2278 787 2323 coniectura
802 2276 842 2335 1)
875 2278 1112 2331 proposita
1142 2279 1334 2331 placeat.
1359 2277 1576 2323 Fortasse
1608 2277 1683 2323 Su
1701 2293 1764 2323 sa
1794 2293 1961 2323 verum
1994 2287 2076 2329 est,

361 2375 443 2419 sed
476 2375 716 2428 quomodo
748 2375 1013 2427 corruptela
1044 2382 1145 2418 orta
1176 2373 1246 2425 sit,
1280 2388 1375 2418 non
1408 2373 1626 2426 intelligo.

362 2505 686 2558 Manuscripta
723 2506 812 2549 hoc
850 2505 955 2549 loco
1002 2520 1087 2549 me
1137 2505 1317 2549 iuvet
1363 2505 1532 2557 legunt,
1571 2505 1698 2557 quod
1733 2504 2076 2556 Lachmannus,

361 2615 503 2654 quem
535 2614 700 2644 omnes
731 2599 934 2644 editores
966 2608 1239 2653 sequuntur,
1272 2600 1400 2644 hisce
1417 2599 1574 2644 verbis
1592 2599 1846 2644 defendere
1863 2608 2076 2644 conatur:

362 2711 467 2747 „me
505 2696 647 2741 iuvet.
691 2695 895 2746 Rectius,
928 2694 1037 2747 quia
1069 2693 1292 2747 sequitur,
1325 2695 1439 2739 haec
1472 2694 1552 2738 ubi
1584 2693 1873 2746 contigerint,
1906 2708 2077 2747 nempe

361 2807 482 2845 quae
520 2791 731 2836 nondum
770 2790 1089 2843 contigerint”.
1129 2788 1220 2834 Sed
1258 2789 1294 2834 si
1341 2797 1479 2843 poeta
1509 2789 1761 2834 indicativo
1794 2789 1935 2834 modo
1967 2788 2078 2834 dicit

361 2901 411 2931 se
450 2887 575 2931 nulla
606 2901 657 2930 re
690 2886 833 2939 magis
865 2885 1085 2930 delectari
1118 2900 1259 2938 quam
1292 2900 1400 2929 cum
1433 2884 1641 2929 carmina
1671 2885 1789 2937 legat
1819 2884 1867 2928 in
1900 2885 2077 2938 gremio

361 2982 543 3034 puellae
587 2982 742 3026 iacens
785 2996 867 3026 sua
914 2980 1122 3025 carmina
1168 2979 1452 3032 admirantiS,
1500 2979 1610 3024 inde
1642 2994 1737 3024 non
1771 2980 1994 3033 sequitur,
2027 2988 2077 3024 ut

361 3078 457 3121 voti
501 3077 571 3122 sui
619 3078 710 3122 iam
759 3091 952 3130 compos
999 3076 1069 3120 sit.
1118 3075 1464 3120 Coniunctivus
1511 3074 1644 3119 verbi
1687 3075 1880 3120 iuvandi
1918 3083 2077 3120 nostro

360 3174 465 3218 loco
513 3173 627 3218 nihil
674 3173 910 3227 significat,
959 3180 1008 3216 ut
1052 3170 1284 3215 Hartman
1335 3185 1525 3224 quoque
1570 3171 1673 3224 jure
1720 3185 1804 3215 suo
1845 3170 2076 3215 observat.

362 3268 612 3322 Corrigere
644 3277 802 3321 potes:
845 3282 932 3312 me
978 3267 1168 3317 iuvat,
1213 3274 1291 3310 aut
1335 3266 1410 3310 mi
1455 3265 1645 3317 lubet,
1689 3266 1746 3310 cf.
1780 3266 1840 3318 ΙΙ,
1873 3265 1943 3317 34,
1976 3264 2046 3310 59.

278 3393 305 3436 ¹)
355 3391 475 3429 Iturn:
504 3395 707 3437 Pontum„
734 3396 871 3430 Atusa:
900 3394 1009 3434 ΕΙΙίες
1037 3393 1213 3434 Erythra:
1233 3392 1428 3427 Housman
1445 3389 1549 3435 (JPh.
1568 3392 1669 3435 ΧΧΙ,
1686 3404 1719 3433 p.
1742 3389 1843 3437 118);
1863 3391 2076 3427 Kflhlewein

244 3459 386 3502 Festgr.
413 3460 645 3504 Heerwagen
672 3473 704 3501 p.
730 3457 793 3504 9)z
820 3460 973 3494 Atos-a.
