2566 3886
315 1443 385 1488 72.

315 2201 387 2249 83.

1106 274 1371 320 —198—

442 406 619 460 Neque
651 408 742 450 hoc
774 406 892 457 loco,
925 420 1081 458 neque
1114 404 1174 456 II,
1210 403 1279 456 13,
1314 404 1365 448 11
1400 401 1507 462 (ubi
1539 403 1650 448 vide
1682 411 1887 448 nostram
1913 401 2166 447 observati-

443 499 612 558 onem)
645 500 1002 553 „coniunctivus
1048 499 1111 543 iu
1130 515 1161 543 v
1178 514 1204 543 e
1222 508 1240 543 t
1286 498 1507 551 explicari
1540 506 1704 550 potest.
1740 497 1836 542 Hic
1853 505 2008 541 tamen
2027 495 2166 541 etiam

443 595 614 640 certius
646 596 969 639 demonstrare
1001 608 1248 646 possumus
1281 592 1634 638 coniunctivum
1667 592 1959 644 corruptelae
1983 590 2165 635 deberi:

444 700 585 730 versu
618 684 673 730 61
708 684 892 729 dativus
939 682 1254 736 Vergilio
1302 682 1411 726 ferri
1444 682 1635 735 nequit;
1667 681 1783 726 nihil
1815 681 1994 726 facilius
2025 697 2166 734 quam

442 780 577 825 verbi
624 780 815 824 iuvet
861 793 1001 823 causa
1046 777 1429 831 Vergilium
1476 776 1717 829 conicere;
1777 778 1860 822 sed
1904 778 2048 832 magis
2091 779 2168 824 via

444 883 490 919 et
535 874 715 919 ratione
763 873 954 926 agimus,
999 872 1036 917 si
1081 887 1189 917 cum
1236 872 1518 917 Housmano
1564 887 1706 916 versu
1749 871 1808 916 59
1854 872 1932 916 mi
1980 873 2169 918 lubet

443 968 731 1022 corrigimus.
783 967 829 1012 Is
876 976 1011 1012 acute
1050 967 1294 1012 observat:
1328 967 1497 1019 „when
1530 966 1593 1010 mi
1626 966 1756 1011 lubet
1786 982 1883 1011 was
1914 969 2167 1020 corrupted

443 1072 491 1108 to
538 1078 614 1108 me
660 1063 790 1108 iuvet
836 1063 915 1107 the
962 1062 1115 1107 scribe
1163 1062 1373 1115 changed
1421 1062 1500 1105 the
1532 1060 1745 1114 adjacent
1776 1061 1927 1114 posito
1958 1062 2056 1107 into
2089 1063 2169 1107 the

445 1158 709 1203 accusative
758 1158 841 1203 but
887 1158 1038 1211 forgot
1083 1166 1131 1202 to
1177 1158 1293 1201 alter
1324 1157 1402 1201 the
1435 1156 1605 1201 distant
1650 1156 1699 1200 V
1716 1157 1980 1209 ergilio,
2011 1157 2168 1202 which

448 1254 664 1298 survives
695 1262 742 1298 to
774 1253 977 1297 indicate
1009 1253 1088 1296 the
1119 1252 1275 1296 truth’'
1307 1249 1451 1309 (JPh.
1483 1251 1645 1303 XXII,
1678 1267 1722 1305 p.
1758 1249 1883 1310 119).

449 1444 595 1488 Hunc
627 1458 818 1488 versum
850 1443 990 1496 paulo
1021 1442 1343 1487 obscuriorem
1376 1457 1483 1486 cum
1516 1441 1808 1487 Phillimorio
1841 1443 1906 1488 sic
1935 1444 2169 1497 explicare

447 1538 591 1583 velim
606 1555 622 1602 :v
650 1536 880 1593 „(Happy
926 1552 1035 1581 man
1082 1538 1192 1581 who
1239 1551 1325 1581 can
1372 1537 1603 1588 purchase
1655 1551 1776 1588 your
1820 1538 1952 1582 loves
2000 1547 2045 1583 at
2090 1540 2170 1584 the

448 1634 598 1685 cheap
629 1641 728 1676 rate
766 1633 813 1676 of
850 1647 981 1676 some
1012 1628 1185 1688 fruits‚)
1216 1656 1276 1660 —
1306 1631 1481 1683 though
1513 1630 1704 1683 Tityrus
1735 1632 1922 1677 himself
1951 1634 2048 1679 find
2080 1636 2168 1680 her

448 1728 686 1772 thankless
734 1735 781 1771 to
828 1727 900 1771 his
947 1725 1104 1779 song''!
1137 1723 1306 1784 (Prop.
1352 1726 1510 1770 transl.
1543 1726 1607 1778 by
1654 1726 1942 1781 Phillimore,
1992 1745 2037 1782 p.
2084 1727 2170 1788 91)

447 1823 635 1876 „Quam
683 1823 842 1867 felices
890 1830 1023 1866 erant
1069 1830 1277 1873 pastores
1323 1821 1388 1865 illi
1435 1846 1494 1851 -—
1539 1836 1824 1875 quamquam
1872 1823 2010 1868 etiam
2058 1833 2170 1870 tunc

446 1919 624 1970 puellas
666 1917 867 1970 ingratas
910 1917 1051 1961 fuisse
1095 1915 1247 1968 Tityri
1279 1915 1471 1960 historia
1492 1916 1672 1968 docet”,
1705 1917 1822 1961 haec
1853 1933 2011 1963 amare
2042 1919 2171 1964 addit

448 2021 586 2065 poeta
617 2027 728 2057 suae
760 2011 905 2064 ipsius
935 2011 1059 2056 vitae
1091 2026 1289 2056 memor.

451 2218 539 2248 nec
571 2202 726 2246 minor
757 2201 829 2246 his
860 2201 1041 2253 animis,
1072 2209 1151 2245 aut
1182 2201 1219 2245 si
1252 2198 1432 2258 m(inor
1465 2216 1547 2245 ore
1579 2199 1805 2259 canorus)

684 2296 861 2341 anseris
893 2297 1083 2340 indocto
1115 2295 1323 2340 carmine
1355 2296 1492 2340 cessit
1523 2297 1637 2340 olor.

449 2392 586 2443 Quae
629 2391 811 2436 uncinis
854 2390 1034 2441 inclusi,
1066 2390 1114 2434 in
1147 2389 1462 2443 Neapolitano
1494 2391 1677 2443 desunt,
1714 2407 1998 2446 quamquam
2030 2408 2171 2438 nemo

448 2495 541 2531 tam
576 2487 740 2530 stultus
772 2485 873 2537 erit,
905 2493 955 2529 ut
986 2500 1042 2529 ea
1072 2484 1219 2528 verba
1235 2484 1392 2537 spuria
1408 2485 1560 2529 ducat.
1579 2484 1670 2530 Sed
1690 2494 1938 2540 antequam
1955 2487 2171 2533 invenire

448 2595 691 2631 conemur,
750 2579 990 2633 quomodo
1050 2587 1261 2622 nostrum
1309 2578 1540 2623 distichon
1605 2579 1854 2632 legendum
1917 2581 1988 2633 sit,
2049 2590 2171 2627 totus

453 2676 583 2720 locus
646 2675 706 2718 de
766 2673 976 2727 Vergilio
1038 2682 1178 2726 agens
1239 2674 1527 2718 enarrandus
1589 2682 1683 2718 est:
1741 2683 1986 2728 postquam
2033 2685 2171 2730 poeta

448 2769 767 2823 superioribus
798 2767 1013 2813 versibus
1045 2768 1311 2812 Aeneidem
1344 2768 1562 2820 laudavit,
1594 2770 1653 2813 ad
1686 2769 1906 2814 Bucolica
1935 2771 2083 2824 pergit
2111 2772 2172 2816 de

448 2865 619 2919 quibus
651 2872 701 2908 ut
733 2864 793 2908 de
823 2863 1109 2907 carminibus
1141 2863 1376 2907 amatoriis
1408 2863 1642 2917 loquitur;
1674 2873 1911 2916 postremo
1939 2865 2172 2919 Georgica

449 2967 691 3004 memorat.
724 2957 770 3003 Si
803 2966 958 3002 autem
990 2957 1172 3011 rogabis
1204 2973 1325 3011 quae
1357 2958 1564 3002 carmina
1586 2974 1727 3004 versu
1742 2959 1795 3004 81
1815 2957 1914 3017 (ha
1929 2958 2022 3018 ec)
2039 2960 2172 3014 signi-

448 3056 660 3107 ficentur,
679 3054 867 3099 diverse
891 3053 974 3098 tibi
991 3054 1345 3106 respondebunt
1376 3054 1594 3106 editores,
1626 3063 1704 3099 aut
1735 3054 1861 3099 enim
1893 3055 1953 3099 de
1976 3054 2171 3109 Vergilii

448 3159 527 3195 aut
575 3151 635 3194 de
681 3149 826 3202 ipsius
872 3149 1103 3201 Propertii
1150 3148 1436 3193 carminibus
1482 3149 1694 3202 cogitant.
1742 3149 1972 3194 Nostrum
2015 3158 2171 3195 tamen

449 3245 695 3296 distichon,
727 3244 840 3297 quin
873 3245 933 3288 de
964 3244 1159 3297 Vergilii
1191 3243 1476 3288 carminibus
1507 3245 1736 3298 loquatur,
1750 3245 1831 3290 vix
1851 3244 2046 3289 dubium
2070 3258 2172 3289 esse

449 3348 633 3396 potest:
666 3353 775 3383 nam
807 3338 1088 3383 Rothsteinii
1121 3338 1551 3390 interpretationem
1584 3354 1679 3383 non
1711 3338 1929 3392 intelligo.
2190 3316 2195 3319 .

449 3433 495 3478 Si
535 3442 691 3478 autem
731 3448 898 3478 versus
929 3432 1000 3478 83.
1033 3433 1090 3478 84
1122 3434 1183 3478 de
1213 3433 1424 3487 Vergilio
1456 3434 1606 3478 dictos
1637 3443 1784 3486 putas,
1816 3449 1980 3479 versus
2011 3433 2082 3479 81.
2115 3433 2172 3479 82
