2566 3886
1111 255 1347 300 ..92-

557 402 643 432 nos
675 402 795 432 uxor
825 401 1097 440 numquam,
1130 401 1387 440 numquam
1420 386 1611 431 diducet
1640 386 1816 431 amica:

674 496 862 534 semper
892 481 1043 527 amica
1073 482 1204 534 mihi,
1235 496 1425 534 semper
1455 490 1501 526 et
1532 496 1652 526 uxor
1683 481 1789 527 eris.

440 577 720 622 Praesertim
734 585 1026 630 pentameter
1038 576 1302 630 aptissimus
1315 577 1374 621 ad
1390 591 1580 621 carmen
1594 585 1806 622 nostrum
1820 578 2156 624 claudendum:

438 687 741 726 „numquam,
771 672 922 726 inquit
953 680 1104 725 poeta,
1136 687 1333 717 uxorem
1365 673 1549 725 ducam,
1581 672 1630 717 id
1661 673 1789 726 quod
1820 681 1918 718 toto
1948 674 2156 720 carmine

438 769 649 821 affirmat,
682 777 731 813 tu
762 776 808 813 et
840 767 990 812 amica
1021 776 1067 812 et
1098 782 1218 812 uxor
1249 782 1355 812 mea
1385 767 1520 812 eris'’.

439 879 726 918 „numquam
776 879 822 908 m
841 879 868 908 e
914 864 945 908 d
962 879 993 908 u
1010 878 1036 908 c
1053 872 1114 908 et
1158 862 1336 907 amica”
1368 862 1538 907 iniuria
1566 862 1626 908 ab
1658 862 1835 908 Ottone
1865 860 2155 921 (Versumst.

439 961 475 1012 1,
490 976 535 1014 p.
548 957 602 1018 8)
610 959 894 1012 defenditun
918 974 1027 1004 nam
1050 974 1190 1013 quam
1208 958 1270 1003 ob
1286 973 1388 1003 rem
1406 966 1544 1011 poeta
1558 958 1606 1003 in
1626 973 1722 1004 uno
1738 959 2002 1013 eodemque
2015 974 2157 1005 versu

438 1055 565 1100 nulla
625 1055 761 1100 metri
823 1054 1097 1100 necessitate
1159 1062 1347 1099 coactus
1408 1054 1689 1108 pronomina
1764 1071 1795 1099 n
1813 1070 1842 1100 o
1859 1070 1880 1100 s
1955 1063 2002 1100 et
2062 1070 2109 1100 m
2126 1070 2154 1100 e

437 1150 765 1196 adhibuisset?

437 1246 624 1291 Collato
655 1261 798 1292 versu
830 1246 857 1291 3
889 1246 1028 1291 huius
1059 1246 1233 1300 elegiae
1265 1261 1373 1291 cum
1406 1246 1713 1291 Lachmanno
1745 1247 1871 1300 lego:

436 1357 522 1387 nos
554 1357 674 1387 uxor
705 1357 978 1396 numquam,
1010 1357 1268 1396 numquam
1301 1341 1492 1387 diducet
1522 1341 1684 1386 amica.

1019 1661 1274 1708 ELEGIA
1305 1661 1442 1706 VIII.

434 1820 511 1864 De
558 1820 648 1863 hoc
695 1817 904 1864 carmine
950 1816 1197 1870 opiniones
1243 1816 1477 1861 editorum
1523 1815 1572 1860 in
1618 1824 1712 1860 tam
1758 1815 1969 1885 diversas
2000 1823 2156 1869 partes

436 1915 666 1965 abierunt,
710 1922 760 1958 ut
806 1927 979 1967 operae
1025 1913 1227 1966 pretium
1275 1926 1377 1956 esse
1423 1911 1640 1956 videatur
1686 1910 1788 1956 eius
1833 1911 2157 1964 integritatem,

436 2019 625 2055 strenue
657 2009 927 2054 defendere.
961 2007 1089 2053 Nam
1121 2009 1221 2062 ipse
1252 2008 1441 2053 Vahlen
1474 2007 1659 2052 duobus
1690 2006 1805 2051 locis
1839 2007 2029 2052 lacunas
2054 2021 2157 2052 esse

436 2106 599 2157 credit,
632 2120 788 2158 neque
822 2104 1102 2150 Rothsteinii
1134 2103 1382 2156 explicatio
1413 2103 1472 2148 ab
1503 2103 1723 2148 omnibus
1754 2102 1962 2156 partibus
1990 2103 2157 2155 placet.

438 2201 644 2246 Primam
692 2199 912 2245 carminis
959 2208 1140 2253 partem
1175 2199 1464 2251 Lachmann,
1496 2207 1658 2243 auctor
1689 2198 1827 2243 totius
1858 2197 2155 2251 quaestionis,

436 2296 612 2349 optime
637 2295 965 2347 interpretatus
982 2303 1072 2339 est:
1087 2294 1447 2347 „Reprehendis
1464 2309 1554 2346 me,
1572 2293 1735 2347 inquit,
1752 2294 1880 2346 quod
1898 2292 2154 2346 Cynthiam

435 2392 494 2437 ab
540 2391 631 2436 alio
678 2391 791 2435 mihi
838 2399 1046 2443 ereptam
1089 2390 1241 2435 doleo.
1274 2389 1341 2434 At
1372 2389 1488 2434 nihil
1519 2405 1659 2443 quam
1691 2389 1740 2433 in
1771 2404 1932 2434 amore
1977 2388 2154 2434 turbari

436 2487 664 2533 acerbius.
697 2487 765 2531 At
796 2486 926 2538 dicis,
958 2486 1086 2531 nulla
1116 2484 1290 2530 stabilis
1321 2485 1508 2529 fortuna
1539 2493 1636 2537 est;
1668 2484 1770 2529 iure
1802 2484 1940 2537 igitur
1970 2499 2154 2529 amores

436 2598 626 2637 quoque
658 2590 915 2627 vertentur.
947 2581 1162 2634 Accipio,
1194 2580 1277 2625 sed
1310 2595 1443 2625 meus
1474 2594 1570 2625 non
1602 2580 1813 2632 vertitur,
1846 2595 1955 2624 nam
1986 2580 2064 2625 illa
2077 2595 2154 2625 me

436 2692 694 2731 numquam
723 2676 911 2721 amavit.
941 2675 1274 2720 Fleischmann
1288 2672 1628 2733 (Quaestiones
1636 2674 1970 2727 Propertianae
1982 2675 2003 2720 Ι
2016 2690 2060 2728 p.
2071 2673 2154 2733 19)

437 2773 611 2817 nullam
674 2773 888 2816 lacunam
939 2786 1042 2816 esse
1087 2772 1287 2817 credens
1332 2771 1399 2816 sic
1445 2770 1631 2815 scribit:
1665 2786 1724 2815 ex
1770 2771 2154 2816 antecedentibus

436 2883 514 2912 vv.
565 2867 633 2911 ll.
669 2866 723 2911 12
761 2875 899 2920 poeta
929 2867 1157 2911 rationem
1188 2866 1440 2918 concludit,
1468 2866 1516 2911 id
1546 2867 1673 2919 quod
1702 2865 1969 2911 coniunctio
2000 2875 2155 2919 ergo

435 2964 558 3009 bene
588 2963 789 3008 indicat:
823 2962 1061 3014 „Cynthia
1092 2989 1107 2998 -
1138 2961 1454 3016 inquit-meis
1483 2961 1757 3006 muneribus
1773 2961 2153 3015 carminibusque

436 3059 657 3113 neglectis
703 3073 943 3112 nunquam
991 3074 1068 3103 me
1114 3058 1315 3109 amavit;
1362 3066 1473 3111 ergo
1502 3057 1686 3110 frustra,
1719 3057 1819 3102 sine
1850 3058 1946 3102 ullo
1977 3066 2151 3103 eventu

437 3156 607 3200 multos
653 3169 800 3199 annos
847 3155 1045 3199 multum
1091 3154 1300 3199 laborem
1348 3154 1636 3206 multamque
1667 3167 1859 3205 operam
1891 3152 2074 3205 perdidi
2107 3161 2153 3197 et

437 3249 711 3295 temerarius
771 3246 870 3307 (Le.
918 3248 1098 3293 consilii
1144 3246 1340 3306 expers)
1386 3263 1529 3300 eram,
1576 3247 1686 3301 quia
1731 3247 1873 3292 finem
1919 3247 2151 3293 debebam

439 3344 686 3398 respicere,
734 3344 813 3398 qui
860 3344 1044 3389 futurus
1088 3352 1210 3389 esset
1255 3343 1426 3388 amoris
1472 3352 1611 3398 atque
1642 3343 1870 3388 amicitiae
1902 3342 2137 3396 Cynthiae

438 3439 620 3494 puellae
652 3447 745 3485 tam
776 3439 1122 3485 inconstantis”.
