2566 3886
1125 253 1363 298 ..51—

448 384 654 438 legentis.
697 383 818 430 Tota
859 393 1014 430 autem
1056 386 1322 431 emendatio
1359 388 1540 441 egregie
1577 388 1880 434 confirmatur
1910 388 2165 434 imitatione

448 480 593 524 nostri
624 494 802 532 versus,
834 495 974 534 quam
1006 480 1201 534 legimus
1231 482 1355 534 apud
1389 481 1632 535 Ovidium,
1664 483 1802 528 Trist.
1836 484 1872 536 I,
1905 482 1946 535 8,
1980 483 2020 527 l.
2052 483 2105 527 2:

567 575 614 619 in
647 584 785 627 caput
816 576 906 620 alta
935 590 1072 621 suum
1105 575 1320 621 labentur
1350 576 1409 621 ab
1440 592 1645 632 aequore
1676 587 1803 624 retro

685 670 889 724 flumina,
921 672 1161 716 conversis
1193 672 1356 725 solque
1386 681 1598 718 recurret
1627 673 1774 727 equis.

1031 1026 1285 1073 ELEGIA
1316 1026 1454 1071 XVI.

348 1156 390 1202 8.
452 1172 638 1211 semper
669 1166 715 1202 et
745 1157 945 1202 exclusis
977 1157 1106 1210 signa
1136 1157 1289 1202 iacere
1319 1157 1459 1202 faces.

449 1252 680 1298 Nondum
719 1253 840 1297 inter
876 1268 926 1298 se
963 1252 1262 1298 consentiunt
1293 1252 1382 1296 viri
1414 1252 1553 1303 docti,
1587 1260 1742 1296 utrum
1775 1251 1913 1295 lectio
1944 1251 2162 1295 codicum

449 1363 476 1392 e
490 1363 521 1392 x
534 1348 634 1392 clu
648 1347 734 1392 sis
766 1348 997 1392 servanda
1013 1347 1070 1391 sit
1086 1362 1144 1391 an
1161 1362 1270 1391 cum
1292 1346 1452 1399 Lipsio
1468 1343 1601 1404 (Lib.
1618 1346 1707 1398 III,
1724 1346 1838 1391 Var.
1857 1346 1987 1391 Lect.
2005 1345 2064 1391 C.
2084 1343 2166 1403 12)

450 1442 697 1487 exclusi
735 1442 1049 1487 scribendum.
1091 1441 1387 1486 Exclusis
1428 1457 1455 1486 a
1486 1441 1718 1495 Postgatio
1746 1439 1866 1498 (Sel.
1900 1441 1972 1486 El.
2004 1457 2049 1494 p.
2082 1438 2165 1498 83)

450 1537 515 1581 sic
552 1537 834 1589 explicatur:
885 1536 1020 1589 „The
1057 1536 1230 1581 faces
1267 1536 1394 1589 lying
1432 1551 1494 1581 on
1532 1537 1611 1581 the
1652 1537 1833 1590 ground
1879 1537 2010 1581 shew
2041 1537 2164 1581 shut-

450 1639 532 1676 out
578 1632 735 1676 lovers
787 1632 884 1676 that
930 1646 957 1676 a
1010 1646 1141 1676 more
1193 1632 1427 1676 fortunate
1474 1632 1592 1676 rival
1652 1632 1690 1676 is
1734 1632 1942 1676 within”.
2010 1631 2166 1676 Philli-

451 1726 628 1771 morius
681 1727 847 1771 eodem
894 1727 995 1771 fere
1041 1726 1183 1771 modo
1230 1726 1513 1771 exclusis
1558 1735 1728 1777 tuetur,
1760 1727 1888 1778 quod
1912 1723 2166 1783 (Translat.

450 1836 495 1873 p.
512 1818 597 1879 24)
620 1821 782 1866 vertit:
816 1823 936 1874 „and
968 1822 1154 1866 torches
1185 1821 1312 1874 lying
1342 1835 1391 1865 as
1421 1821 1589 1865 tokens
1620 1821 1692 1865 sor
1722 1821 1801 1865 the
1832 1818 2038 1873 rejected
2069 1821 2167 1865 that

451 1917 530 1961 the
562 1916 680 1961 door
710 1916 748 1961 is
779 1917 888 1961 shut
917 1916 1092 1970 against
1121 1915 1294 1960 them”.
1553 1915 1556 1918 ⁴

453 2010 545 2056 Sed
577 2011 652 2055 hic
684 2026 840 2056 sermo
872 2020 940 2056 est
971 2011 1031 2055 de
1063 2011 1248 2055 corollis
1280 2010 1566 2063 facibusque,
1599 2025 1714 2063 quas
1746 2010 1922 2055 exclusi
1958 2019 2166 2055 amantes

451 2106 663 2158 proicere
705 2106 916 2151 solebant
953 2114 1059 2150 ante
1102 2106 1302 2158 ianuam,
1335 2105 1402 2158 „si
1434 2114 1620 2150 noctem
1653 2105 1744 2149 illic
1776 2105 1964 2158 vigilem
1996 2105 2165 2150 frustra

453 2201 751 2254 peregissent,
789 2209 839 2246 ut
876 2215 1014 2245 mane
1051 2209 1401 2253 praetereuntes
1439 2200 1611 2245 scirent
1648 2215 1743 2245 non
1775 2201 1914 2245 valde
1945 2200 2164 2252 pudicam

452 2305 530 2340 aut
567 2305 738 2341 castam
777 2296 869 2340 illic
906 2296 1114 2340 habitare
1145 2304 1192 2340 et
1222 2296 1331 2340 ideo
1362 2295 1589 2348 conqueri
1620 2295 1822 2347 ianuam,
1855 2310 1905 2340 se
1936 2296 2167 2349 pudorem

453 2391 671 2436 dominae
714 2406 825 2436 suae
867 2406 962 2436 non
1004 2391 1203 2444 amplius
1241 2390 1496 2434 defendere
1534 2405 1684 2442 posse,
1724 2405 1844 2442 quae
1883 2390 1982 2442 ipsa
2020 2390 2169 2436 famae

455 2501 566 2531 suae
598 2502 694 2531 non
726 2487 982 2539 parceret.'’
1015 2487 1074 2531 cf.
1108 2485 1202 2531 Ov.
1234 2485 1347 2537 Am,
1382 2485 1418 2537 Ι,
1450 2485 1492 2537 6,
1524 2484 1605 2530 67:

604 2590 649 2626 at
680 2590 744 2634 tu,
776 2596 871 2626 non
903 2581 1033 2626 laetis
1064 2581 1270 2625 detracta
1301 2594 1475 2624 corona
1505 2579 1695 2631 capillis,

724 2677 842 2721 dura
873 2691 1014 2729 super
1044 2684 1139 2721 tota
1170 2675 1331 2720 limina
1362 2683 1499 2719 nocte
1531 2674 1644 2718 iace.

607 2780 657 2816 tu
689 2771 921 2823 dominae,
953 2786 1062 2816 cum
1094 2780 1139 2816 te
1171 2770 1425 2823 proiectam
1458 2784 1596 2814 mane
1627 2769 1820 2821 videbit,

749 2865 972 2918 temporis
1004 2865 1237 2918 absumpti
1268 2873 1363 2909 tam
1395 2865 1516 2908 male
1548 2864 1675 2908 testis
1706 2864 1812 2908 eris.

458 2958 617 3004 Probo
647 2959 786 3012 igitur
817 2959 964 3011 Lipsii
994 2960 1326 3005 coniecturam.

328 3147 396 3192 11.
431 3147 499 3192 12.
561 3147 845 3201 Complures
876 3147 967 3192 viri
998 3148 1123 3193 docti
1154 3149 1244 3193 hoc
1276 3148 1508 3193 distichon
1540 3163 1635 3192 non
1668 3163 1753 3192 suo
1784 3148 1888 3192 loco
1920 3148 2008 3201 legi
2039 3157 2169 3201 puta-

459 3250 649 3286 verunt:
680 3242 795 3294 quin
827 3241 965 3286 etiam
998 3242 1329 3287 Lachmannus
1351 3243 1601 3295 aliquando
1618 3242 1828 3294 spurium
1847 3242 1991 3294 duxit,
2009 3251 2170 3295 postea

459 3344 614 3380 tamen
646 3344 750 3388 post
780 3351 971 3381 versum
1003 3335 1061 3380 48
1093 3336 1375 3389 transposuit
1396 3352 1602 3389 eumque
1619 3345 1806 3381 secutus
1823 3345 1892 3381 est
1908 3336 2167 3381 Vahlenus.

461 3428 554 3474 Sed
596 3430 762 3474 merito
802 3429 916 3475 Otto
948 3427 1067 3487 (Die
1097 3431 1362 3476 Versumst.
1395 3431 1417 3475 I
1449 3446 1494 3484 p.
1526 3429 1580 3489 5)
1611 3432 1732 3476 hanc
1764 3432 2170 3484 transpositionem
