2566 3886
334 670 405 715 30.

1139 252 1376 300 -35-

469 386 696 432 Heinsius
727 402 814 440 pro
859 403 906 432 m
923 403 950 432 a
966 403 997 432 n
1014 403 1046 432 u
1108 403 1158 431 m
1175 402 1204 431 e
1221 387 1252 431 d
1270 388 1287 431 i
1305 402 1334 431 a
1353 385 1394 445 1)
1426 387 1647 440 coniecit;
1680 388 1823 441 magis
1854 389 2019 441 placet,
2052 387 2180 441 quod

469 481 664 526 Modius
716 483 1018 536 excogitavit:
1066 498 1112 526 m
1129 483 1235 527 alu
1252 497 1287 526 s.
1336 481 1447 526 Hoc
1495 482 1785 528 Hartmanus
1832 498 2022 536 quoque
2060 484 2180 536 legit.

468 671 562 716 Pro
603 687 630 716 a
642 688 673 717 u
688 672 748 717 tu
761 681 789 726 g
802 687 829 717 e
869 669 961 730 (sic
993 669 1047 730 0)
1078 688 1187 718 cum
1220 672 1372 718 Boltio
1403 673 1678 726 legendum:
1721 689 1748 718 a
1761 674 1792 718 h
1834 674 1851 718 i
1864 689 1895 718 u
1909 682 1937 726 g
1949 688 1990 718 e.

334 858 405 904 31.
422 858 479 904 32
540 860 628 905 illis
669 870 715 906 et
756 861 906 906 silices
949 870 995 906 et
1036 862 1214 914 possint
1254 862 1425 906 cedere
1466 877 1669 914 quercus

334 2754 406 2800 33.

717 957 893 1001 nedum
924 965 974 1001 tu
1006 957 1167 1009 possis,
1199 957 1387 1009 spiritus
1418 957 1503 1002 iste
1535 958 1666 1002 levis.

468 1050 523 1094 In
576 1051 648 1095 his
701 1050 916 1095 versibus
969 1051 1134 1096 vitium
1189 1052 1384 1096 haerere
1434 1051 1567 1096 multi
1615 1051 1945 1097 intellexerunt
1990 1061 2037 1097 et
2083 1053 2182 1105 ipse

469 1144 788 1189 Rothsteinius
825 1145 1040 1197 quamvis
1078 1146 1136 1190 sit
1173 1154 1391 1190 strenuus
1429 1146 1652 1191 defensor
1688 1155 1842 1192 textus
1880 1163 1907 1192 a
1940 1148 2182 1193 codicibus

468 1241 622 1286 traditi
653 1241 719 1285 sic
751 1240 910 1287 scribit
941 1241 999 1285 ad
1034 1241 1069 1293 1,
1102 1241 1143 1285 2.
1176 1239 1258 1285 29:

467 1335 844 1387 „Bedenklicher
874 1336 932 1380 ist
963 1350 1013 1380 es
1046 1336 1324 1389 umgekehrt
1355 1351 1437 1380 aus
1470 1336 1626 1381 einem
1658 1336 1890 1388 positiven
1913 1336 2181 1383 Gedanken

465 1431 604 1475 einen
647 1430 892 1484 negativen
935 1446 996 1475 zu
1038 1431 1340 1482 entnehmen,
1379 1445 1475 1475 was
1514 1431 1551 1482 1,
1589 1429 1631 1475 9.
1670 1430 1726 1475 32
1771 1432 2040 1485 notwendig
2081 1432 2180 1477 ist.’'

468 1525 592 1570 Mihi
624 1540 898 1578 persuasum
930 1534 1000 1570 est
1032 1526 1258 1570 mendum
1291 1526 1496 1571 subesse.

467 1618 779 1665 Baehrensius
811 1634 897 1672 pro
941 1620 1150 1672 possis
1193 1635 1281 1673 par
1312 1621 1376 1664 sis
1408 1621 1775 1674 ingeniosissime
1807 1623 2020 1676 coniecit,
2052 1625 2180 1676 quod

467 1714 726 1767 Postgatius
739 1715 787 1758 in
799 1723 1047 1767 utramque
1061 1714 1317 1759 editionem
1332 1709 1529 1767 recepit;
1552 1730 1708 1768 neque
1731 1725 1887 1762 tamen
1910 1719 2182 1764 hexameter

468 1809 645 1863 integer
682 1810 893 1855 videtur:
932 1824 1027 1854 non
1066 1818 1391 1862 exspectamus
1428 1810 1580 1856 silices
1611 1826 1909 1866 quercusque
1950 1815 2181 1859 cedere

469 1919 668 1957 posse,
700 1906 783 1949 sed
815 1920 934 1950 non
966 1919 1152 1957 posse
1184 1921 1303 1950 non
1335 1907 1579 1951 cedere.
1612 1906 1742 1958 Quid
1774 1907 1923 1961 ergo?
1954 1907 2001 1954 Si
2021 1911 2181 1954 memi-

468 1999 623 2044 nimus
651 1999 967 2052 manuscripta
988 2000 1024 2052 Ι,
1050 1999 1118 2051 12,
1144 1999 1199 2045 19
1231 2001 1570 2046 discedere
1602 2011 1647 2046 et
1679 2003 2022 2049 dissistere
2053 2005 2180 2057 dare,

467 2094 736 2139 coniectura
766 2109 878 2147 prae
910 2110 1051 2139 manu
1084 2103 1176 2139 est:
1210 2096 1482 2140 hexameter
1512 2105 1690 2142 tantum
1723 2099 1908 2143 medela
1938 2108 2064 2152 eget:

469 2189 557 2234 illis
573 2186 735 2246 (ablat.
768 2187 961 2246 causae)
993 2205 1082 2234 nec
1114 2190 1265 2235 silices
1298 2206 1386 2235 nec
1418 2201 1613 2243 possunt
1650 2191 1932 2250 sistere2)
1963 2209 2180 2246 quercus.

469 2283 723 2336 Postquam
755 2284 988 2329 sistere
1021 2285 1069 2329 in
1101 2285 1331 2330 cedere
1363 2295 1638 2339 corruptum
1670 2296 1753 2339 est,
1780 2289 1909 2340 quod
1928 2288 2061 2333 facile
2080 2289 2180 2334 fieri

466 2379 615 2432 potuit
651 2402 709 2409 —
746 2394 772 2423 c
804 2388 850 2423 et
881 2394 902 2423 s
943 2394 1038 2423 non
1077 2380 1275 2423 multum
1314 2380 1535 2425 differunt
1573 2381 1694 2426 inter
1731 2397 1795 2434 se,
1827 2391 1872 2427 ct
1903 2383 2038 2428 facile
2070 2384 2117 2428 in
2150 2385 2182 2428 d

465 2473 651 2526 abeunt,
683 2473 743 2518 cf.
777 2474 838 2526 ΙΙ,
873 2473 941 2526 14,
974 2473 1045 2526 29,
1078 2474 1159 2518 ubi
1193 2474 1525 2529 Groninganus
1573 2477 1778 2529 sistat,
1825 2479 1969 2523 ceteri
2015 2480 2182 2524 sidat

466 2566 653 2619 habent,
684 2592 737 2598 —
772 2567 1162 2625 παραδιορθώσει
1193 2578 1250 2613 et
1266 2599 1280 2613 .
1298 2602 1309 2613 .
1327 2602 1338 2613 .
1370 2579 1429 2614 et
1469 2585 1718 2616 correxere
1750 2572 1939 2617 librarii.

468 2755 594 2801 Cum
649 2756 912 2801 Hartmano
959 2766 1078 2810 nego
1124 2757 1174 2801 si
1228 2759 1432 2809 pudor
1485 2769 1577 2804 est
1629 2761 1819 2806 defendi
1866 2776 2016 2814 posse.
2068 2762 2182 2808 Otto

470 2847 679 2907 (BphW.
714 2848 841 2902 1884,
874 2849 969 2894 No.
1001 2847 1056 2908 9)
1087 2851 1242 2895 locum
1270 2852 1336 2896 sic
1362 2854 1581 2905 explicat:
1617 2870 1786 2907 „wenn
1807 2857 1871 2900 du
1891 2857 2000 2901 dich
2019 2858 2182 2902 deines

467 2943 666 2997 ietzigen
714 2943 977 2988 Zustandes
1024 2945 1122 2989 und
1171 2945 1336 2990 deiner
1385 2947 1533 2992 Liebe
1580 2950 1782 2994 schfimst
1829 2951 1927 2994 und
1975 2965 2064 2995 vor
2109 2951 2183 2995 ihr

468 3037 634 3082 beireit
665 3038 764 3082 sein
796 3039 1069 3082 mochtest.''
1102 3037 1194 3083 Sed
1222 3039 1338 3084 haec
1366 3040 1686 3093 interpretatio
1709 3043 1848 3087 nimis
1868 3053 2079 3089 contorta
2098 3054 2181 3089 est.

469 3131 650 3175 Vitium
683 3131 798 3176 tollit
829 3132 1058 3176 correctio
1091 3132 1279 3177 Heinsii
1322 3135 1381 3178 ni
1422 3136 1626 3186 pudor
1667 3146 1773 3189 est,
1815 3153 1956 3189 quam
1988 3139 2182 3183 minime

469 3226 636 3270 refutat
667 3226 1013 3278 Lachmannus‚
1044 3227 1101 3270 cf.
1134 3227 1234 3271 eius
1266 3229 1325 3272 ad
1357 3228 1484 3272 hunc
1516 3229 1671 3274 locum
1704 3231 2066 3276 annotationem.

386 3355 412 3400 ¹)
461 3359 616 3392 media
641 3360 875 3392 commendat
902 3358 1040 3392 Hetzel
1067 3356 1294 3402 (Progrnmm
1320 3363 1355 3395 d.
1382 3361 1517 3403 Gymn.
1544 3374 1591 3395 zu
1618 3363 1846 3405 Dillenburg‚
1875 3363 1975 3404 1876,
1998 3364 2074 3398 No.
2089 3362 2183 3408 309).

384 3425 418 3471 ')

469 3429 698 3469 spiritum
731 3429 917 3463 sistere
958 3440 1032 3463 non
1059 3441 1167 3470 pos-e
1194 3432 1334 3471 optime
1360 3433 1506 3473 dicitur,
1534 3433 1580 3466 οἱ.
1607 3433 1645 3474 ΙΙ,
1673 3433 1706 3474 3,
1731 3434 1775 3467 2:
1803 3435 1994 3468 cecidit
2020 3436 2183 3475 spiritus.
