2566 3886
340 1569 411 1614 34.

1133 249 1399 296 -268-

475 379 605 432 Quid
652 388 790 431 poeta
820 379 907 424 sibi
939 379 1155 431 voluerit,
1187 380 1363 432 optime
1396 379 1677 433 intelligitur,
1709 379 1747 425 si
1779 380 1880 425 eius
1912 381 2188 427 sententiam

474 474 539 519 sic
586 489 883 519 enarramus:
932 474 982 526 „1
1016 490 1156 527 nunc,
1190 474 1448 527 ambitiose,
1480 476 1722 527 exclamat,
1754 475 1864 521 tolle
1894 476 2088 528 animos,
2117 476 2191 522 fac

474 569 646 621 omnia,
693 578 744 614 ut
789 570 970 614 honore
1002 569 1212 615 afficiaris
1251 585 1392 623 quam
1425 570 1656 615 maximo:
1688 585 1799 616 mox
1830 579 2042 616 mortuus
2073 571 2191 624 eris;

473 665 556 709 sed
589 679 685 709 non
717 665 868 709 solum
901 664 1073 717 gloriae
1105 665 1340 718 potentiae
1356 680 1500 719 opum
1518 665 1843 719 appetentibus
1867 665 2190 712 moriendum:

475 760 695 805 omnibus
741 759 878 805 instat
910 775 1037 805 mors
1068 760 1251 812 acerba,
1283 759 1446 814 primis
1477 769 1524 805 et
1554 760 1782 813 ultimis'’;
1821 761 1955 806 vides
1986 761 2190 814 primum

474 855 690 901 ordinem
747 855 900 908 primo
954 856 1058 901 loco
1115 856 1361 907 nominari,
1412 855 1588 909 quippe
1634 856 1777 901 modo
1824 857 1884 902 de
1936 855 2191 902 ambitiosis

474 950 745 996 hominibus
791 951 974 996 locutus
1006 959 1075 996 est
1106 960 1257 1004 poeta,
1290 965 1406 1004 quas
1438 951 1529 995 hoc
1560 966 1703 996 versu
1735 951 1945 1005 primos
1976 951 2191 1004 appellat3

474 1045 541 1091 sic
591 1045 683 1090 iam
730 1054 924 1099 apparet
970 1046 1074 1091 sed
1114 1055 1314 1090 tamen
1358 1045 1534 1098 optime
1580 1060 1631 1090 se
1662 1045 1852 1098 habere,
1884 1061 2039 1099 neque
2070 1047 2192 1092 hoc

474 1155 577 1185 esse
608 1140 875 1194 legendum.
908 1140 1029 1185 Leni
1061 1141 1353 1186 correctione
1386 1140 1604 1186 Beroaldi
1636 1141 1977 1186 restituendum
2009 1150 2102 1187 est:

597 1236 680 1281 sed
727 1244 885 1280 tamen
922 1236 1015 1280 huc
1047 1251 1226 1288 omnes,
1258 1237 1351 1281 huc
1382 1236 1563 1290 primus
1594 1245 1641 1281 et
1672 1237 1862 1282 ultimus
1894 1219 2027 1282 ordo.

475 1331 605 1383 Quid
638 1331 755 1376 huc
801 1330 1040 1384 significet,
1072 1339 1318 1376 contextus
1350 1332 1512 1376 docet:
1545 1333 1658 1376 tales
1682 1331 1868 1384 ellipses
1899 1339 2111 1377 nostrum
2143 1332 2191 1377 in

474 1426 643 1472 diliciis
675 1426 851 1472 habere
882 1426 963 1471 vix
994 1435 1077 1479 est,
1109 1427 1237 1481 quod
1270 1442 1502 1472 moneam.

473 1569 744 1615 scandenda
774 1577 844 1614 est
874 1569 998 1615 torvi
1029 1569 1217 1622 publica
1247 1570 1420 1615 cumba
1449 1570 1574 1615 senis

471 1665 567 1710 Pro
598 1674 661 1710 to
677 1680 701 1710 r
716 1665 794 1717 vi,
826 1666 955 1718 quod
987 1665 1035 1710 in
1069 1665 1116 1710 V
1147 1681 1208 1711 ex
1224 1666 1517 1711 correctione
1533 1666 1713 1720 legitur,
1733 1666 1779 1712 O
1797 1666 1973 1712 habent
2004 1675 2022 1712 t
2039 1682 2068 1712 o
2084 1682 2108 1712 r
2126 1668 2189 1720 ti,

472 1760 814 1813 Neapolitanus
858 1775 975 1806 vero
1006 1768 1063 1805 tr
1079 1775 1108 1805 o
1124 1761 1196 1805 ci.
1232 1761 1346 1813 Leo,
1378 1776 1474 1814 quo
1504 1769 1697 1806 auctore
1727 1760 1776 1806 A
1794 1761 1835 1805 F
1853 1761 1899 1806 D
1917 1760 1966 1805 V
1996 1761 2191 1828 omnino

471 1856 644 1901 nullius
690 1864 798 1901 sunt
843 1855 995 1909 pretii,
1042 1871 1069 1900 a
1115 1855 1418 1909 Neapolitani
1449 1856 1650 1902 lectione
1681 1857 1930 1910 profectus>
1957 1871 2043 1910 pro
2088 1871 2116 1902 e
2133 1871 2155 1902 s
2171 1865 2189 1902 t

472 1952 603 1997 torvi
650 1951 822 1996 conicit
864 1951 1121 1996 atrocis
1167 1951 1296 2004 quod
1343 1960 1500 1996 tamen
1546 1951 1727 2005 longius
1773 1951 1910 1997 distat
1945 1966 1973 1996 a
2011 1951 2188 1997 troci

472 2063 614 2101 quam
660 2056 678 2092 t
694 2062 723 2092 o
740 2063 764 2092 r
780 2047 860 2092 vi.
894 2047 991 2092 Hic
1023 2047 1154 2092 locus
1185 2047 1322 2100 igitur
1353 2055 1628 2100 argumento
1658 2061 1761 2091 esse
1793 2054 1944 2098 potest
1967 2046 2188 2099 Neapoli-

471 2153 632 2189 tanum
664 2143 901 2188 nonnullis
932 2142 1047 2187 locis
1078 2142 1420 2195 corruptiorem
1453 2157 1556 2187 esse
1587 2157 1729 2195 quam
1753 2141 1814 2194 O,
1831 2156 2116 2194 quamquam
2139 2141 2187 2186 hi

471 2239 562 2284 loci
593 2238 861 2292 paucissimi
892 2246 1001 2283 sunt
1031 2252 1245 2283 numero.

338 2375 409 2420 29.
427 2375 498 2421 30.
562 2375 672 2421 Hoc
719 2375 950 2420 distichon
989 2375 1082 2419 huc
1113 2389 1209 2420 non
1241 2374 1477 2428 pertinere
1511 2373 1792 2419 Housmano
1824 2373 2057 2427 Postgatio
2087 2373 2187 2418 aliis

470 2471 712 2517 assentior.

337 2601 407 2646 31.
427 2601 498 2647 32.
562 2601 673 2647 Hoc
719 2602 950 2647 distichon
998 2602 1238 2654 quomodo
1284 2602 1534 2655 legendum
1582 2609 1717 2652 esset,
1755 2599 1930 2652 optime
1961 2598 2186 2644 intellexit

340 3244 408 3289 10.

472 2697 698 2750 Paleyus:
730 2706 777 2742 at
806 2697 890 2742 tibi
922 2705 1076 2748 nauta,
1108 2697 1207 2749 pias
1240 2696 1486 2742 hominum
1518 2696 1598 2749 qui
1629 2695 1780 2740 traicit
1810 2694 2014 2746 umbras,

762 2794 856 2838 huc
887 2793 1070 2839 animae
1101 2801 1255 2847 portet
1285 2808 1458 2846 corpus
1490 2793 1628 2838 inane
1661 2801 1781 2837 tuae.

1044 3112 1128 3157 EL
1138 3111 1304 3157 EGIA
1335 3111 1472 3157 XIX.

471 3244 520 3289 N
538 3259 565 3288 e
582 3259 613 3296 q
630 3259 661 3288 u
679 3243 692 3287 i
711 3252 728 3287 t
745 3243 759 3287 i
775 3258 815 3295 a,
863 3258 958 3295 quo
991 3243 1134 3287 modo
1179 3258 1202 3286 r
1219 3257 1245 3287 a
1261 3257 1292 3294 p
1309 3242 1323 3286 i
1341 3243 1371 3286 d
1388 3257 1415 3286 a
1462 3242 1554 3286 dici
1601 3241 1758 3293 possit,
1806 3255 1902 3285 non
1949 3238 2154 3292 intelligo
2171 3253 2183 3291 3

473 3339 792 3383 Rothsteinius
806 3347 852 3383 et
866 3338 1185 3382 Phillimorius
1200 3337 1422 3382 Italorum
1437 3337 1686 3381 lectionem
1710 3351 1734 3380 r
1746 3351 1773 3380 a
1787 3335 1817 3380 b
1832 3336 1846 3380 i
1863 3336 1893 3380 d
1904 3350 1932 3379 a
1960 3348 2183 3387 spernere

469 3450 565 3481 non
594 3434 867 3480 debuerant.
