2566 3886
1126 255 1363 301 -26—

348 388 389 433 8.
453 387 596 432 Multi
644 386 733 431 viri
779 386 905 431 docti
950 394 1235 439 putaverunt
1280 385 1456 438 aliquot
1501 401 1667 431 versus
1712 387 1852 432 huius
1909 388 2083 442 elegiae
2140 404 2167 433 a

450 483 649 527 librariis
680 497 766 527 suo
797 482 901 526 loco
932 496 1035 525 esse
1067 490 1232 526 motos.
1265 481 1453 526 Primus
1484 481 1559 526 W.
1594 481 1790 527 Fischer
1821 497 1986 528 versus
2018 482 2089 528 25.
2109 483 2167 529 26

450 551 604 631 posuit
640 586 744 630 post
783 578 851 630 14,
890 592 1032 629 quem
1072 577 1283 629 sequitur
1336 577 1410 621 vir
1448 578 1611 623 doctus
1643 577 1759 623 Otto
1789 575 1911 635 (Die
1942 579 2167 625 Versum-

450 674 710 727 stellungen
757 673 834 717 bei
881 671 1093 724 Properz
1131 671 1152 716 1
1192 686 1236 724 p.
1275 669 1343 730 4).
1389 671 1702 718 Baehrensius
1743 672 1920 719 23—26
1963 683 2067 727 post
2111 675 2167 720 14

450 768 709 821 transponit
751 767 1047 820 improbante
1090 766 1281 812 Ottone.
1321 766 1413 812 Sed
1453 776 1539 821 ego
1576 782 1685 813 cum
1726 768 1991 814 Hartmano
2022 771 2166 816 credo

450 873 664 910 neutram
697 863 1104 917 transpositionem
1137 871 1264 907 recte
1297 877 1347 907 se
1379 862 1569 915 habere,
1601 864 1730 916 quod
1762 863 1977 909 versibus
2009 864 2080 909 25.
2108 864 2167 911 26

449 960 624 1012 optime
656 959 896 1004 conclusio
926 958 1065 1003 totius
1098 958 1317 1003 carminis
1348 958 1628 1003 continetur.

450 1056 594 1108 Quod
634 1054 747 1099 Otto
785 1069 976 1107 quoque
1014 1054 1303 1107 perspiciens
1335 1069 1430 1098 non
1463 1063 1590 1099 recte
1622 1055 1861 1099 contendit
1892 1055 2164 1107 particulam

448 1151 650 1204 aliquam
674 1147 759 1207 (at,
790 1165 920 1201 vero,
953 1146 1116 1206 igitur)
1147 1158 1283 1202 aegre
1316 1149 1572 1194 desiderari
1603 1149 1662 1194 cf.
1697 1149 1758 1193 ΙΙ.
1790 1148 1861 1194 28.
1893 1148 1966 1195 59.
1998 1148 2166 1202 Super-

449 1260 689 1291 vacuanea
719 1245 856 1298 igitur
886 1252 956 1289 est
987 1244 1297 1296 transpositio.
1331 1243 1423 1289 Sed
1456 1245 1584 1297 quod
1618 1244 1732 1289 Otto
1757 1245 2164 1299 transpositionem

449 1341 706 1386 defendere
737 1339 900 1392 credit,
932 1339 980 1384 id
1012 1348 1098 1392 ego
1129 1340 1188 1383 ad
1221 1354 1323 1384 eam
1357 1341 1766 1384 condemnandam
1788 1340 2004 1386 adhibeo.
2028 1341 2165 1397 Haec

448 1445 604 1482 autem
622 1444 730 1480 sunt
746 1435 893 1480 verba
909 1434 999 1479 viri
1016 1434 1160 1479 docti:
1181 1435 1318 1486 „echt
1334 1435 1726 1487 Properzianisch
1742 1435 1800 1480 ist
1813 1435 1890 1480 die
1904 1435 2166 1488 Anaphora

447 1542 509 1577 tu
542 1546 715 1583 cave,
747 1539 807 1575 te
840 1545 1105 1583 quoque,
1138 1530 1485 1582 entsprechend
1498 1531 1584 1574 der
1597 1531 2043 1584 vorausgehenden:
2075 1548 2164 1577 me

447 1627 710 1672 laudent
752 1650 810 1656 —
852 1640 940 1670 me
984 1626 1193 1678 legat”.
1237 1624 1524 1670 Coniunctio
1562 1640 1813 1678 quoque
1854 1635 1958 1678 post
1998 1625 2067 1671 13.
2108 1626 2163 1672 14

446 1722 569 1766 bene
602 1736 652 1766 se
683 1721 849 1773 habet;
882 1728 987 1773 post
1017 1729 1078 1765 tu
1110 1735 1263 1764 cave
1295 1728 1382 1764 etc.
1414 1720 1667 1773 langueret.
1690 1720 1871 1766 Contra
1890 1721 2163 1767 Baehrensii

446 1816 853 1869 transpositionem
862 1825 1034 1869 pugnat
1041 1815 1180 1860 etiam
1188 1815 1400 1860 futurum
1420 1832 1451 1869 p
1463 1831 1492 1860 ο
1504 1823 1522 1860 t
1532 1831 1559 1860 e
1570 1831 1594 1860 r
1605 1832 1636 1861 u
1648 1832 1679 1861 n
1691 1825 1709 1861 t
1727 1826 1831 1869 post
1838 1816 2163 1863 coniunctivos

446 1912 677 1965 optativos
709 1912 830 1956 male
862 1911 1081 1965 positum.

446 2006 697 2052 Housman
744 2006 815 2058 23,
863 2006 919 2051 24
966 2015 1071 2059 post
1120 2005 1175 2050 10
1215 2006 1512 2059 transposuit,
1544 2008 1673 2059 quod
1707 2007 1921 2061 Postgate
1952 2008 2000 2053 in
2033 2017 2161 2054 textu

443 2101 589 2153 ponit.
621 2100 714 2146 Sed
746 2101 857 2145 huic
888 2116 1079 2154 quoque
1111 2101 1371 2146 traiectioni
1402 2102 1614 2147 futurum
1646 2111 1946 2155 poterunt
1976 2103 2161 2149 obstare

444 2196 546 2241 iure
593 2196 813 2241 observat
860 2196 1110 2241 Hartman.
1159 2196 1414 2249 Postquam
1462 2206 1600 2250 poeta
1646 2197 1762 2242 dixit
1799 2198 1944 2243 hinc
1976 2198 2161 2251 cupio

443 2305 660 2335 nomen
693 2290 997 2335 carminis
1029 2290 1119 2335 ire
1153 2291 1287 2343 mei,
1320 2292 1650 2336 coniunctivus
1682 2293 1915 2345 optativus
1938 2302 2162 2346 sequatur

440 2400 634 2430 necesse
681 2394 765 2437 est,
812 2401 969 2438 neque
1013 2400 1180 2430 versus
1226 2387 1388 2438 quales
1421 2395 1528 2432 sunt
1560 2386 1631 2439 23,
1663 2387 1734 2439 24,
1768 2389 1815 2432 in
1848 2387 2019 2440 quibus
2050 2397 2160 2434 ovat

443 2489 581 2532 poeta
627 2495 722 2525 non
770 2480 989 2525 dubitans
1035 2480 1151 2532 quin
1197 2481 1407 2525 futurum
1451 2481 1508 2525 sit
1551 2490 1602 2526 ut
1638 2482 1832 2535 gloriam
1864 2483 2160 2528 nanciscatur

442 2575 791 2628 sempiternam,
824 2584 928 2628 post
959 2591 1151 2621 versum
1187 2575 1242 2621 10
1275 2577 1371 2621 ullo
1403 2578 1546 2622 modo
1578 2578 1688 2623 ferri
1720 2587 1928 2631 possunt.

1022 3066 1277 3112 ELEGIA
1309 3068 1445 3113 VIII.

338 3248 377 3292 7.
439 3249 597 3292 Versu
644 3246 670 3290 7
721 3244 957 3290 fulcire
1004 3242 1235 3296 integrum
1283 3260 1386 3291 esse
1419 3245 1480 3303 {et
1522 3248 1598 3293 alii
1637 3251 1902 3297 docuerunt
1932 3261 1979 3297 et
2010 3253 2153 3298 Roth·

440 3343 658 3394 steinius;
705 3339 968 3393 pruinas
1010 3352 1119 3382 cum
1167 3339 1264 3383 DV
1317 3341 1569 3395 legendum
1615 3361 1718 3390 esse
1765 3347 1866 3393 iure
1912 3352 2153 3396 contendit

439 3438 656 3491 Solbisky
700 3433 803 3494 (De
847 3431 1088 3479 codicibus
1138 3433 1454 3487 Propertianis
1501 3456 1544 3494 p.
1597 3441 1720 3502 185).
1770 3444 1863 3491 Pro
1907 3446 2148 3500 positas
