2566 3886
1108 232 1333 277 -47-

435 368 494 413 ad
517 367 754 421 sequentis
785 366 969 412 distichi
992 365 1161 411 verba:
1194 373 1254 409 tu
1286 378 1538 416 quoque
1570 363 1660 408 uti
1693 363 1878 408 fieres
1911 362 2148 408 nobilis

437 464 604 508 histo
618 478 642 507 r
655 463 670 507 i
683 478 723 507 a.

437 558 709 610 Antequam
755 565 911 601 tamen
958 557 1019 601 de
1064 555 1231 601 ceteris
1277 555 1416 601 huius
1450 555 1623 609 elegiae
1669 554 1782 600 locis
1814 555 2149 601 difficilioribus

437 653 674 707 disputare
703 660 859 705 pergo,
891 666 1200 705 praemonere
1231 652 1341 696 volo
1372 652 1618 705 legentem,
1650 666 1710 696 ne
1741 666 1850 696 cum
1885 651 2150 696 Ribbeckio

438 745 693 805 (RhMPh,
726 746 834 792 NF.
867 746 938 799 40,
970 761 1014 799 p.
1047 744 1160 804 487)
1191 755 1237 791 et
1270 746 1564 792 Rothsteinio
1610 755 1816 792 nostram
1862 747 2056 800 elegiam
2104 747 2151 791 in

436 843 552 887 duas
583 842 762 887 dividat
807 850 975 894 partes,
1007 856 1207 894 quarum
1239 842 1382 887 altera
1412 842 1602 894 incipiat
1632 857 1659 886 a
1690 857 1832 887 versu
1864 841 1936 886 25.

426 936 620 982 Habent
626 936 1076 982 autemRibbeckius
1083 945 1129 981 et
1137 936 1458 982 Rothsteinius
1467 937 1702 982 diversam
1710 937 1771 982 de
1778 938 1986 983 carmine
1994 947 2154 984 nostro

439 1031 730 1084 opinionem
751 1032 828 1076 ille
850 1032 991 1084 enim,
1012 1047 1154 1084 quem
1171 1031 1382 1084 sequitur
1393 1031 1666 1085 Postgatius,
1674 1047 1816 1077 unam
1829 1047 1932 1078 esse
1945 1034 2155 1087 elegiam,

440 1127 522 1171 sed
535 1142 594 1171 ex
606 1126 788 1171 duabus
798 1135 1012 1172 constare
1023 1126 1231 1180 partibus
1243 1135 1416 1179 censet,
1424 1127 1500 1172 hic
1512 1136 1674 1172 contra
1685 1128 1781 1172 duo
1793 1128 1924 1180 ponit
1934 1129 2154 1174 carmina.

441 1222 761 1267 Rothsteinius
791 1219 947 1280 (Anh.
979 1237 1024 1274 p.
1056 1219 1170 1279 332)
1201 1222 1420 1267 carminis
1451 1222 1731 1268 divisionem
1764 1223 1830 1269 sic
1861 1224 2098 1270 defendit:

440 1315 556 1362 Wer
586 1331 645 1361 an
678 1317 764 1361 der
796 1316 984 1362 Einheit
1017 1317 1260 1362 {esthalten
1278 1317 1388 1369 will,
1405 1332 1533 1362 muss
1551 1318 1656 1363 eine
1674 1319 1955 1365 dramatisch
1972 1320 2157 1366 belebte

442 1411 766 1464 Komposition
798 1413 1081 1465 annehmen,
1128 1411 1205 1457 bei
1252 1412 1338 1457 der
1375 1421 1724 1466 vorausgesetzt
1755 1414 1950 1459 werden
1982 1419 2158 1461 miisste

441 1507 547 1551 dass
585 1506 793 1559 Cynthia
823 1508 943 1552 nach
974 1507 1036 1552 V.
1069 1507 1126 1552 24
1158 1507 1251 1552 den
1283 1506 1502 1552 Versuch
1535 1509 1704 1561 macht‚
1738 1509 1872 1555 ihren
1905 1510 2158 1556 Geliebten

442 1602 592 1647 durch
638 1602 745 1647 eine
790 1602 1143 1656 Versicherung
1181 1603 1308 1648 ihrer
1350 1601 1509 1648 Treue
1539 1619 1602 1648 zu
1635 1604 1892 1659 beruhigen
1926 1639 2159 1651 ......

442 1696 577 1741 Aber
589 1697 692 1742 hier
706 1697 822 1742 fehlt
837 1696 944 1751 jede
960 1697 1252 1751 Andeutung
1267 1698 1399 1742 einer
1415 1699 1607 1743 solchen
1621 1698 1899 1755 Afisserung
1915 1700 2159 1754 Cynthias.

442 1790 535 1836 Sed
582 1791 836 1844 Cynthiam
884 1807 934 1837 se
981 1807 1148 1837 revera
1193 1792 1449 1838 defendere
1495 1793 1702 1838 indicant
1749 1795 1895 1841 verba
1940 1797 1970 1841 d
1985 1797 2118 1843 esin
2133 1813 2160 1843 e

442 1895 488 1931 et
519 1896 619 1931 tua
649 1886 859 1932 verba.
893 1886 1029 1932 Haec
1061 1886 1208 1932 verba
1239 1888 1286 1932 in
1319 1903 1460 1933 versu
1492 1888 1550 1933 42
1581 1898 1689 1934 sunt
1721 1890 2092 1938 blanditiae.

443 1980 651 2034 Cynthia
682 1982 865 2036 placare
897 1983 997 2027 vult
1029 1991 1228 2035 poetam,
1261 1983 1412 2035 inquit
1430 1983 1503 2028 vir
1519 1983 1684 2028 doctus
1702 1984 1795 2030 Ites
1823 1983 1927 2043 (De
1946 1987 2160 2040 Properti

442 2077 557 2130 eleg.
590 2076 710 2121 inter
741 2092 791 2122 se
822 2078 1028 2130 conexis,
1063 2076 1191 2130 1908,
1224 2092 1268 2130 p.
1303 2075 1398 2135 15),
1413 2086 1459 2122 et
1473 2078 1545 2123 his
1562 2078 1673 2130 ipsis
1691 2080 1848 2126 verbis
1869 2082 2160 2134 placantibus

443 2171 554 2223 quia
583 2171 698 2217 falsa
728 2181 849 2225 sunt,
880 2181 1072 2218 revocat
1102 2172 1320 2226 periuria.

445 2264 520 2310 Sic
551 2266 649 2311 fere
681 2276 846 2319 poetae
877 2267 1024 2313 verba
1055 2282 1274 2313 enarrare
1306 2282 1586 2320 possumus:

448 2360 708 2413 „Quamvis
740 2362 894 2406 levem
926 2370 972 2407 te
1018 2361 1257 2415 haberem,
1304 2378 1546 2416 nunquam
1593 2364 1772 2409 credidi
1820 2374 1865 2410 te
1913 2366 1960 2411 in
2001 2376 2162 2412 nostro

445 2456 655 2507 periculo
686 2465 779 2501 tam
812 2471 918 2502 sero
949 2466 1211 2503 venturam.
1244 2457 1401 2509 Quam
1434 2458 1650 2504 diversae
1682 2468 1815 2505 erant
1846 2462 2030 2513 puellae
2058 2463 2161 2508 illae

446 2550 677 2602 antiquae.
710 2550 910 2596 Desinas
941 2559 1096 2596 autem
1128 2552 1505 2598 excusationibus
1536 2561 1581 2598 te
1598 2563 1810 2608 purgare,
1831 2571 1939 2601 nam
1961 2572 2163 2603 renovas

447 2652 625 2690 tantum
678 2645 896 2698 periuria.
951 2645 1096 2691 Nunc
1149 2655 1194 2692 te
1241 2648 1397 2693 novi’'.
1445 2647 1537 2694 Sed
1583 2650 1691 2694 licet
1737 2660 1874 2704 poeta
1919 2651 2061 2697 iratus
2107 2653 2164 2697 sit

446 2739 643 2792 puellae,
675 2754 807 2784 amor
837 2741 938 2786 eius
969 2750 1147 2786 manet:
1174 2758 1282 2788 nam
1310 2743 1454 2796 timet,
1482 2759 1542 2789 ne
1570 2743 1778 2797 Cynthia
1803 2747 1918 2791 deos
1941 2747 2163 2799 perfidiae

448 2842 494 2878 et
537 2834 850 2887 periuriorum
887 2851 1131 2885 ‚memores
1174 2837 1325 2883 faciat.
1368 2838 1571 2891 „Audax
1614 2854 1678 2892 es,
1709 2841 1870 2895 pergit,
1903 2857 2010 2887 nam
2054 2858 2165 2888 mox

449 2927 643 2980 dolebis,
676 2929 713 2973 si
750 2929 863 2982 quid
895 2930 1129 2983 acciderit,
1157 2940 1203 2976 et
1234 2941 1319 2986 ego
1342 2948 1533 2986 quoque
1556 2934 1727 2979 dolebo
1749 2932 1883 2992 (meo
1902 2935 2164 2995 periculo);

450 3036 558 3066 nam
596 3037 836 3075 nunquam
874 3024 1043 3076 peribit
1081 3040 1214 3071 meus
1251 3028 1437 3079 amm-”3
1490 3029 1573 3073 sed
1612 3044 1738 3074 nunc
1775 3030 1881 3075 leve
1918 3031 2083 3076 vitium
2117 3032 2163 3077 in

450 3117 763 3169 manuscripta
793 3118 990 3171 irrepsit,
1022 3134 1186 3165 omnes
1217 3121 1343 3166 enim
1376 3122 1563 3167 codices
1595 3123 1660 3167 sic
1691 3132 1914 3177 pergunt:

569 3226 600 3264 q
616 3227 647 3256 u
664 3227 691 3256 a
707 3227 753 3256 m
799 3212 882 3256 tibi
914 3227 974 3258 ne
1005 3213 1122 3259 viles
1153 3214 1225 3259 isti
1257 3215 1506 3261 videantur
1536 3217 1685 3261 ocelli.

453 3305 526 3350 Ex
542 3306 822 3351 coniecturis
838 3304 1017 3364 (Tamz
1050 3308 1250 3360 Palmer,
1283 3324 1426 3354 nam:
1460 3310 1515 3354 E.
1536 3309 1750 3363 Schulze,
1789 3327 1961 3365 quam
2000 3315 2165 3360 mihi:

453 3399 669 3452 Volscus,
713 3409 731 3445 t
747 3415 774 3445 a
789 3416 836 3445 m
880 3416 927 3446 m
945 3402 960 3446 i
976 3402 1038 3446 hi
1071 3402 1282 3457 Madvig,
1328 3419 1360 3456 q
1377 3420 1408 3449 u
1425 3419 1452 3449 a
1467 3420 1514 3449 m
1531 3420 1563 3449 v
1580 3421 1606 3450 e
1659 3422 1706 3450 m
1724 3406 1738 3451 i
1755 3407 1787 3451 h
1804 3407 1818 3452 i
1836 3423 1846 3452 :
1895 3408 2166 3462 Beroaldus,
