2566 3886
359 414 402 460 9.

331 1933 399 1978 14.

329 3258 398 3304 18.

1122 282 1387 328 —219—

463 414 680 469 Corpora
710 415 964 467 disponens
995 423 1201 459 mentem
1234 429 1329 469 non
1361 413 1478 458 vidit
1509 413 1556 458 in
1588 422 1700 458 arte.

463 509 755 562 Corruptum
787 525 890 555 esse
920 510 1046 554 hunc
1077 523 1268 554 versum
1299 508 1518 562 permulti
1549 516 1846 560 putaverunt,
1863 516 1915 552 ut
1929 515 2175 560 apparatus

461 604 649 650 criticus
680 605 896 650 editionis
929 604 1304 649 Baehrensianae
1335 604 1586 648 ostendere
1616 611 1781 656 potest.

464 700 486 744 1
504 715 534 744 n
593 715 620 744 a
635 715 660 744 r
677 708 735 744 te
782 700 829 745 in
878 699 1156 745 Rothsteinii
1202 698 1407 743 editione
1452 698 1576 743 bene
1621 698 1903 751 explicatum
1950 698 2174 751 legimus3

462 795 662 840 verbum
689 795 920 840 videndi
941 810 1036 840 non
1068 794 1339 847 explicatur.
1371 793 1512 838 Viam
1545 793 1659 838 mihi
1691 792 1967 837 monstravit
1998 792 2173 837 Barthii

461 890 781 943 interpretatio
811 906 842 934 n
857 905 931 935 on
961 889 1126 934 vidit
1156 889 1228 934 i.e.
1261 904 1357 934 non
1374 889 1593 942 providit,
1611 903 1777 941 parum
1795 887 2000 941 curavit3
2019 902 2174 932 exem-

461 986 591 1038 plum
609 994 764 1030 tamen
785 985 914 1030 addit
944 985 1140 1029 nullum.
1174 983 1363 1036 Operae
1394 983 1596 1037 pretium
1628 983 1765 1036 igitur
1795 982 1984 1027 videtur
1999 981 2174 1035 aliquot

461 1081 588 1125 locos
619 1079 776 1131 citare,
823 1079 904 1124 ubi
950 1079 1173 1124 videre
1219 1079 1388 1123 eodem
1421 1079 1564 1124 modo
1596 1078 1858 1123 adhibitum
1902 1077 2171 1122 invenimus

461 1184 601 1228 atque
631 1183 791 1219 nostro
821 1189 988 1219 versu:

461 1269 564 1315 Cic.
596 1270 655 1314 ad
686 1269 829 1314 Attio.
860 1269 922 1314 V.
957 1269 997 1321 1,
1029 1268 1081 1314 3:
1114 1278 1164 1314 ut
1180 1269 1430 1323 prandium
1448 1269 1583 1314 nobis
1599 1268 1783 1313 videret
1799 1268 1871 1312 i.e.
1888 1266 2173 1321 provideret,

462 1373 660 1410 curaret.

460 1460 518 1504 ad
564 1459 663 1504 Att.
713 1459 850 1504 XIV.
897 1459 969 1512 21,
1016 1460 1067 1504 4:
1114 1474 1261 1513 quare
1306 1459 1466 1504 talaria
1511 1459 1771 1511 videamus,

461 1554 522 1598 de
554 1553 685 1599 Orat.
716 1555 802 1599 ΙΙΙ.
834 1554 876 1599 2:
908 1554 1167 1599 videndum
1199 1554 1286 1598 sibi
1318 1569 1420 1599 esse
1451 1554 1576 1599 aliud
1608 1553 1853 1599 consilium

459 1649 600 1695 Tusc.
633 1650 719 1695 111.
751 1649 828 1695 46:
861 1650 1121 1694 dulciculae
1153 1650 1356 1703 potionis
1387 1648 1562 1701 aliquid
1596 1649 1842 1693 videamus
1874 1656 1920 1693 et
1951 1647 2058 1692 cibi.

462 1743 595 1789 Nihil
626 1744 763 1798 igitur
793 1744 1083 1789 mutandum.

462 1933 538 1978 De
568 1934 792 1979 lectione:

578 2028 733 2073 nudus
765 2029 823 2073 ad
856 2029 1075 2082 infernas,
1108 2030 1259 2080 stulte,
1292 2029 1468 2073 vehere
1500 2028 1622 2080 ratis,

460 2138 601 2176 quam
647 2123 738 2168 viri
781 2124 905 2168 docti
954 2124 1299 2175 Lachmannus‚
1347 2123 1505 2176 Paley,
1558 2123 1820 2175 Rothstein,
1885 2123 2171 2175 Phillimore,

458 2218 645 2263 Vahlen
688 2218 905 2262 intactam
944 2226 1146 2270 servant,
1194 2218 1461 2263 etiamnunc
1493 2218 1617 2263 valet
1664 2217 1966 2271 Hertzbergii
2015 2218 2172 2263 obser-

458 2313 608 2357 vatio:
641 2312 887 2364 „animam,
919 2321 1169 2366 antequam
1213 2313 1271 2357 ad
1309 2321 1430 2357 rates
1462 2313 1746 2365 pervenerit,
1778 2322 2021 2358 vectam
2069 2328 2172 2358 esse

458 2423 554 2461 quo
584 2407 686 2452 iure
717 2407 892 2452 dixeris
905 2406 960 2451 ?”
996 2407 1095 2461 Ego
1126 2423 1235 2452 cum
1267 2406 1532 2453 Schradero
1564 2408 1814 2461 legendum
1846 2423 1949 2453 esse
1981 2416 2121 2460 puto:

459 2503 613 2548 nudus
644 2511 689 2547 at
709 2499 749 2560 1)
780 2502 976 2555 inferna,
1008 2503 1159 2555 stulte,
1191 2503 1367 2547 vehere
1399 2511 1511 2547 rate.

459 2597 589 2642 Usus
620 2598 960 2643 coniunctionis
991 2606 1051 2642 at
1082 2598 1207 2642 idem
1240 2606 1379 2651 atque
1411 2598 1432 2642 I
1464 2578 1506 2649 6,
1539 2597 1619 2650 22;
1651 2597 1854 2643 Widder
1883 2596 2034 2656 (Berl.
2053 2599 2172 2644 Phil.

459 2691 627 2737 Woch.
661 2691 789 2744 1908,
821 2707 866 2745 p.
898 2690 1012 2749 541)
1043 2693 1196 2746 legere
1228 2693 1352 2736 vult:

886 2787 1040 2831 nudus
1071 2787 1130 2831 ad
1162 2787 1384 2839 infernos,
1417 2788 1568 2839 stulte,
1600 2789 1777 2832 vehere
1808 2796 1906 2833 rate

459 2882 563 2926 coll.
596 2881 658 2926 ΙΙ.
693 2881 732 2933 1,
764 2880 834 2935 37,
869 2881 929 2925 ΙΙ.
962 2880 1034 2933 28,
1066 2881 1137 2933 49,
1169 2882 1250 2926 ubi
1281 2882 1522 2926 inferni
1554 2883 1777 2936 significat
1807 2881 2023 2940 infsseri.

459 2974 534 3020 Sic
579 2984 736 3020 tamen
782 2976 946 3020 credas
995 2984 1142 3020 ratem
1189 2976 1337 3029 ipsam
1382 2992 1476 3021 non
1509 2977 1556 3021 in
1588 2977 1748 3022 inferis
1779 2993 1895 3030 esse,
1927 2979 2010 3023 sed
2042 2979 2172 3032 prius

459 3078 558 3114 rate
589 3070 647 3114 ad
679 3070 854 3115 inferos
885 3070 1157 3115 vehendum
1193 3085 1310 3115 esse.

459 3259 634 3312 optima
664 3273 805 3310 mors,
836 3273 976 3310 parca
1006 3273 1127 3310 quae
1158 3258 1288 3303 venit
1324 3267 1424 3303 acta
1455 3259 1556 3311 die;

459 3354 525 3399 sic
541 3354 698 3407 legunt
714 3353 900 3398 codices
916 3367 1080 3397 omnes
1097 3353 1184 3398 nisi
1216 3354 1344 3406 quod
1377 3354 1423 3398 D
1440 3354 1489 3398 V
1506 3354 1545 3398 F
1569 3369 1656 3406 pro
1685 3369 1712 3399 a
1725 3369 1751 3399 c
1766 3363 1783 3399 t
1796 3369 1823 3399 a
1851 3363 1966 3408 apta
1982 3356 2169 3402 habent.

379 3459 408 3505 ¹)
457 3463 558 3498 Idem
582 3463 714 3498 vitium
740 3463 802 3497 111.
827 3462 861 3497 9.
889 3463 943 3503 14,
969 3463 1031 3497 ubi
1056 3463 1139 3496 Itali
1165 3470 1210 3496 at
1235 3465 1488 3498 emendarunt.
