2566 3886
359 2310 430 2355 20.

359 2691 430 2736 21.

1144 271 1410 318 —132-

1068 403 1243 456 telique
1274 404 1414 449 habet
1444 404 1602 456 instar,
1635 405 1682 449 in
1714 405 1804 450 alta

757 515 878 552 quae
909 500 1094 544 fuerant
1125 499 1239 551 pinu
1272 499 1419 543 votivi
1449 514 1627 544 cornua
1657 499 1800 544 cervi.

487 595 595 640 Hac
619 595 850 648 Risbergii
882 594 1192 647 explicatione
1224 602 1483 646 captare
1515 594 1676 639 feras
1708 594 1831 639 bene
1861 594 2074 648 congruit
2095 610 2203 640 cum

489 706 631 735 versu
663 689 735 735 21.
769 690 944 742 Restat,
976 698 1027 734 ut
1059 690 1119 734 de
1151 689 1309 734 verbis
1340 689 1606 734 reddere
1637 689 1788 742 pinu
1819 704 2052 735 cornua
2082 704 2203 744 quae

487 801 514 830 a
540 786 698 831 multis
729 793 950 838 corrupta
980 784 1137 829 habita
1168 792 1277 830 sunt
1307 784 1475 836 dicam,
1507 784 1621 838 quid
1653 784 1865 830 sentiam.

485 881 740 927 Korschius
770 878 938 939 (Nord
970 881 1133 925 tidskr.
1165 880 1239 924 for
1270 880 1331 924 fil.
1364 879 1448 932 Ny
1479 881 1656 925 raekke
1687 879 1749 932 V,
1781 878 2071 938 257-279):

487 986 751 1022 nectere
782 977 977 1022 linum
1006 976 1230 1021 tortile
1271 975 1484 1020 coniecit:
1517 976 1656 1020 nimis
1687 976 1921 1021 audacter.
1954 975 2062 1028 Ipse
2093 975 2205 1020 olim

487 1072 779 1117 coniciebam
811 1087 1003 1117 versum
1039 1070 1094 1116 19
1126 1072 1191 1116 sic
1224 1071 1449 1124 scriptum
1481 1071 1652 1116 fuisse:

636 1168 856 1221 incipiam
889 1176 1075 1220 captare
1106 1168 1227 1212 feras
1259 1176 1304 1212 et
1335 1166 1476 1220 figere
1508 1167 1622 1219 pinu

756 1278 935 1308 cornua
965 1278 1063 1315 eqs.

487 1358 633 1403 Nunc
665 1367 844 1402 textum
877 1357 1098 1402 traditum
1130 1357 1361 1410 integrum
1394 1357 1572 1402 ducens
1604 1371 1713 1401 cum
1747 1355 2054 1400 Lachmanno
2081 1369 2206 1400 com-

488 1468 629 1506 paro:
667 1453 774 1497 Val.
820 1453 975 1497 Flacc.
1009 1453 1046 1505 Ι,
1078 1452 1159 1497 56:
1193 1452 1229 1504 I,
1262 1453 1408 1497 decus
1440 1461 1485 1496 et
1516 1452 1700 1505 pecoris
1732 1450 1997 1503 Nephelaei
2030 1451 2206 1496 vellera

489 1547 637 1593 Graio
669 1548 863 1592 redde
896 1548 1085 1592 tholo.

487 1643 525 1687 P
543 1658 619 1688 on
637 1658 761 1695 ere,
805 1644 1032 1695 quidnam
1064 1643 1302 1696 significet,
1335 1652 1541 1696 apparet,
1572 1643 1610 1688 si
1641 1642 1927 1688 conferimus
1958 1643 2115 1688 locum
2146 1656 2206 1687 ex

490 1738 952 1790 Metamorphosesin
999 1753 1141 1790 supra
1186 1738 1497 1792 exscriptum
1544 1739 1655 1783 inde
1701 1738 1828 1783 enim
1883 1737 2108 1790 sequitur,
2154 1745 2205 1782 ut

488 1850 719 1887 ponere
765 1842 912 1878 vota
957 1833 1183 1886 significet
1226 1834 1386 1878 dona
1426 1834 1668 1878 Veneri
1699 1833 2013 1889 promissa
2042 1821 2207 1877 dedi-

488 1945 648 1982 care,
681 1930 710 1974 i.
743 1944 784 1974 e.
817 1944 1053 1974 cornua
1084 1929 1276 1973 cervi.
1311 1929 1447 1980 Quae
1479 1929 1517 1974 si
1548 1937 1675 1974 recte
1708 1929 1938 1981 disputata
1967 1935 2089 1980 sunt,
2119 1927 2206 1972 rei-

491 2025 659 2070 cienda
699 2025 889 2070 videtur
921 2024 1189 2070 Housmani
1221 2024 1476 2070 correctio:
1509 2024 1780 2069 Veneris
1811 2037 2035 2076 ponere
2066 2030 2210 2068 vota

491 2121 659 2166 iuvat
689 2118 834 2178 (JPh.
866 2120 1003 2173 XVI,
1035 2135 1080 2172 p.
1112 2117 1168 2178 6)

493 2344 503 2355 .
522 2343 533 2354 .
555 2343 566 2354 .
583 2343 594 2354 .
627 2312 829 2356 audaces
860 2311 960 2363 ipse
992 2325 1187 2355 monere
1219 2325 1372 2354 canes.

498 2406 674 2451 Iniuria
687 2405 1001 2451 Baehrensius
1021 2404 1269 2458 assumpsit
1300 2420 1347 2448 m
1361 2419 1390 2449 o
1402 2419 1432 2448 v
1447 2419 1474 2449 e
1490 2420 1514 2448 r
1529 2419 1570 2456 e,
1602 2404 1730 2456 quod
1748 2404 1796 2448 in
1814 2403 1860 2448 D
1877 2402 1925 2448 V
1943 2403 1983 2447 F
1999 2403 2209 2457 legimus,

493 2502 551 2546 cf.
583 2502 711 2546 locos
744 2501 908 2546 Ovidii
938 2516 966 2546 a
998 2500 1293 2545 Rothsteinio
1324 2499 1499 2544 citatos.

493 2691 574 2736 Ad
606 2692 734 2736 hunc
765 2706 957 2735 versum
989 2698 1116 2735 recte
1148 2690 1367 2734 observat
1400 2689 1711 2742 Rossbergius
1742 2685 1978 2745 (Lucubr.
2004 2687 2145 2741 Prop.
2162 2703 2207 2742 p.

496 2783 601 2844 15):
630 2785 836 2838 „Ecquis
853 2794 936 2837 est,
967 2784 1049 2838 qui
1080 2793 1266 2837 poetam
1299 2784 1471 2829 dixisse
1502 2792 1633 2837 putet
1664 2799 1714 2828 se
1746 2783 1984 2829 venationi
2015 2797 2208 2836 operam

494 2882 729 2933 daturum,
776 2896 871 2926 non
918 2890 1074 2925 tamen
1122 2895 1180 2925 eo
1218 2880 1428 2931 consilio,
1460 2888 1510 2925 ut
1541 2879 1751 2933 ingentes
1788 2880 1949 2924 leones
1980 2886 2208 2931 temptare

493 2977 693 3021 audeat
706 2975 733 3020 P
761 2975 964 3020 Accedit
980 2976 1110 3027 quod
1138 2990 1166 3019 a
1182 2990 1212 3020 u
1229 2974 1346 3019 sim
1372 2989 1604 3027 nusquam
1619 2973 1806 3019 finalem
1820 2973 1960 3018 habet
1974 2972 2208 3018 sensum”.

495 3071 624 3124 Lego
656 3071 793 3125 igitur
824 3085 933 3116 cum
966 3069 1277 3123 Rossbergio:

612 3181 708 3211 non
740 3175 897 3211 tamen
929 3174 1020 3211 aut
1051 3173 1207 3210 vastos
1239 3164 1388 3209 ausim
1421 3172 1648 3216 temptare
1680 3164 1840 3209 leones

730 3270 810 3306 aut
840 3261 968 3305 celer
998 3259 1189 3313 agrestis
1220 3259 1485 3304 comminus
1517 3258 1586 3303 ire
1618 3273 1740 3304 sues.

494 3357 554 3401 ci.
588 3355 878 3407 Hetzelium,
911 3354 1123 3407 Beitrage
1158 3353 1287 3407 1890,
1318 3369 1363 3407 p.
1395 3353 1467 3399 22.
