2566 3886
381 2225 424 2271 >0

356 2319 425 2366 10.

381 2415 424 2933 991952302-

356 2982 424 3027 11.

1122 280 1388 326 -181-

484 412 533 457 hi
559 427 725 457 currus
753 411 956 457 Romani
981 411 1118 456 efficti
1140 411 1371 456 fuerunt’'.
1391 411 1648 465 Ingeniosa,
1666 412 1749 456 sed
1767 426 1897 456 mera
1912 411 2196 456 coniectura.

484 506 651 552 Tutius
667 516 737 552 est
752 522 861 552 cum
878 506 1118 552 codicibus
1136 507 1352 552 Beroaldi
1370 507 1423 551 in
1450 522 1558 560 quo
1574 507 1742 560 legere,
1771 507 1900 560 quod
1929 506 2095 550 melius
2127 514 2197 550 est

484 616 625 655 quam
655 601 926 646 Baehrensii
942 601 1056 646 illud
1083 616 1304 655 aequos,
1333 602 1460 656 quod
1479 602 1526 646 ni
1544 602 1644 654 ipse
1661 601 1948 654 explicasset,
1967 600 2196 646 obscuris-

485 696 655 741 simum
688 706 823 742 esset.

484 872 623 916 atque
654 878 782 908 aram
814 863 991 908 circum
1023 871 1244 908 steterant
1275 870 1486 908 armenta
1517 861 1737 914 Myronis

484 966 704 1002 steterant
735 957 906 1010 DVN;
937 966 1163 1003 steterunt
1195 957 1251 1002 F.

486 1052 792 1097 Housmanus
835 1049 978 1110 (JPh.
1025 1052 1162 1104 XXI,
1207 1050 1324 1110 189)
1367 1052 1633 1097 concedens
1670 1050 1747 1095 hic
1778 1059 1825 1096 et
1855 1050 2118 1103 perfectum
2150 1058 2197 1095 et

484 1147 990 1200 plusquamperfectum
1007 1156 1134 1192 recte
1153 1163 1203 1192 se
1220 1147 1395 1192 habere
1410 1146 1660 1191 lectionem
1679 1146 1720 1190 F
1737 1146 1953 1199 praefert,
1970 1145 2193 1199 quoniam

484 1242 659 1287 librarii
703 1252 903 1287 -erunt
945 1244 1044 1288 fere
1075 1243 1252 1297 ubique
1283 1251 1527 1288 mutavere
1559 1242 1608 1286 in
1640 1250 1848 1286 -erant.
1883 1240 2007 1285 Mihi
2039 1248 2196 1285 tamen

484 1337 627 1390 magis
642 1338 793 1390 placet
818 1346 1104 1389 steterant,
1122 1337 1232 1391 quia
1262 1337 1310 1382 in
1343 1337 1737 1391 descriptionibus
1768 1336 1922 1389 potius
1954 1335 2196 1388 imperfec-

483 1441 582 1477 tum
623 1429 871 1490 (steterant
899 1445 949 1467 =
993 1430 1202 1490 stabant)
1244 1441 1582 1486 exspectamus,
1614 1433 1671 1477 cf.
1704 1447 1846 1477 versu
1878 1431 1933 1476 9:
1965 1430 2194 1484 surgebat.

1025 1716 1279 1762 ELEGIA
1311 1716 1521 1762 mll.

485 1845 674 1890 Initium
717 1846 855 1891 huius
886 1847 1060 1900 elegiae
1091 1847 1157 1891 sic
1188 1861 1297 1891 cum
1331 1846 1554 1891 Hetzelio
1584 1844 1839 1904 (Beitrfige,
1873 1846 2003 1899 1890,
2034 1863 2080 1901 p.
2112 1845 2196 1905 30)

486 1941 724 1986 edendum
756 1955 859 1986 esse
890 1956 1088 1986 censeo:

486 2036 598 2082 Hoc
629 2036 804 2081 utinam
837 2037 1035 2090 spatiere
1066 2038 1170 2082 loco
1201 2038 1534 2091 quodcumque
1565 2038 1767 2091 vacabis,

568 2129 794 2182 Cynthia!
827 2146 935 2176 nam
968 2131 1050 2176 tibi
1083 2147 1159 2177 me
1190 2133 1387 2178 credere
1418 2133 1556 2178 turba
1586 2142 1725 2186 vetat,

485 2240 593 2270 cum
626 2225 756 2270 videt
785 2227 993 2272 accensis
1024 2227 1244 2272 devotam
1276 2243 1468 2273 currere
1499 2228 1646 2273 taedis

568 2320 617 2365 in
648 2335 815 2366 nemus
846 2329 892 2366 et
922 2320 1113 2367 Triviae
1145 2322 1322 2367 lumina
1352 2323 1475 2368 ferre
1506 2324 1637 2368 deae.

483 2415 565 2468 qui
597 2415 739 2468 videt,
771 2415 810 2460 is
841 2425 1031 2468 peccat:
1064 2417 1144 2471 qui
1175 2426 1221 2462 te
1253 2433 1348 2462 non
1380 2418 1554 2464 viderit
1585 2428 1710 2472 ergo,

566 2525 662 2555 non
693 2510 875 2564 cupiet:
907 2512 1011 2556 facti
1043 2513 1221 2557 lumina
1251 2513 1431 2558 crimen
1464 2513 1656 2559 habent.

484 2619 592 2649 nam
623 2605 737 2659 quid
771 2605 1009 2651 Praenesti
1041 2607 1220 2660 dubias,
1253 2623 1282 2652 o
1315 2607 1537 2661 Cynthia,
1570 2618 1731 2662 sortes,

567 2699 682 2753 quid
712 2700 830 2753 petis
860 2701 1010 2746 Aeaei
1043 2702 1230 2747 moenia
1260 2702 1532 2757 Telegoni?

483 2808 678 2839 curnam
709 2803 755 2840 te
787 2794 1082 2841 Herculeum
1113 2798 1361 2851 deportant
1392 2801 1557 2845 esseda
1587 2799 1739 2845 Tibur
1753 2800 1780 2845 P

568 2888 727 2941 Appia
757 2904 843 2934 cur
873 2890 1041 2936 totiens
1072 2900 1118 2936 te
1149 2893 1227 2938 via
1258 2894 1527 2940 Lanuvium
1545 2894 1572 2939 P

485 2982 661 3028 scilicet
690 2983 923 3029 umbrosis
954 2986 1112 3032 sordet
1143 2987 1370 3040 Pompeia
1400 2989 1646 3034 columnis-

486 3159 595 3203 Iure
626 3159 751 3204 enim
786 3160 1058 3207 Hertzelius
1089 3173 1242 3217 rogat:
1275 3181 1400 3217 „was
1433 3166 1653 3211 bedeutet
1684 3167 1732 3211 in
1764 3182 1810 3212 v.
1828 3167 1854 3211 7
1887 3168 1918 3212 h
1934 3182 1963 3212 o
1981 3183 2007 3212 c
2040 3168 2193 3221 loco,

487 3254 547 3297 da
592 3253 694 3298 vier
740 3253 859 3298 Orte
904 3257 1079 3302 vorher
1123 3267 1325 3311 genannt
1371 3261 1476 3305 sind
1488 3260 1572 3314 ?'’;
1620 3277 1775 3314 neque
1808 3261 1972 3307 Ottoni
2004 3263 2194 3317 contigit

486 3345 777 3405 (Versumst.
811 3349 847 3400 Ι,
879 3364 923 3402 p.
958 3349 1038 3409 16)
1070 3362 1120 3397 ut
1151 3354 1272 3399 hanc
1303 3355 1617 3401 difficultatem
1638 3357 1820 3401 tolleret
1836 3357 1902 3402 sic
1918 3357 2189 3403 scribendo:

487 3457 696 3494 „warum
713 3443 845 3488 sollte
862 3444 1074 3498 Properz
1104 3449 1234 3494 nicht
1265 3450 1349 3495 mit
1379 3451 1411 3495 h
1425 3465 1493 3495 oc
1524 3451 1582 3496 lo
1596 3466 1664 3496 co
1695 3451 1952 3505 ebensogut
1982 3452 2073 3496 wie
2105 3452 2190 3497 mit
