2566 3886
338 1251 409 1297 29.

346 2010 418 2057 37.

358 3144 428 3189 40.

1122 264 1296 310 —227
1329 290 1387 296 -—

464 398 519 443 In
562 397 756 442 transitu
800 411 971 442 moneo
1000 397 1180 442 nullum
1211 397 1397 449 pondus
1428 396 1603 441 habere
1637 395 1867 449 Risbergii
1888 393 1929 453 ¹)
1960 395 2177 440 observa-

465 493 656 544 tionem,
703 507 797 545 qua
843 491 1068 536 Ottonem
1114 506 1280 536 versus
1328 490 1502 536 13—16
1545 499 1649 544 post
1694 490 1751 534 24
1793 498 2177 543 transponentem

466 587 670 633 refutare
713 587 839 632 vult:
883 595 1082 640 poetam,
1114 594 1360 638 postquam
1393 586 1453 630 de
1485 585 1843 639 Agamemnone
1876 594 1922 630 et
1948 584 2179 639 Argynno

466 684 646 728 locutus
679 682 736 727 sit
766 681 981 727 versibus
1012 680 1202 733 21—24,
1234 696 1329 726 non
1361 681 1566 734 potuisse
1597 695 1850 734 quaerere:
1882 695 2002 734 quae
2034 680 2181 733 spolia

469 792 528 823 ex
574 777 653 822 illo
697 785 821 822 tanta
863 776 994 821 fuere
1036 775 1160 820 tibi?
1207 775 1333 820 Nam
1382 775 1598 820 versibus
1647 774 1820 820 13—16
1852 776 1912 820 de
1944 774 2182 828 naufragio

468 887 624 918 sermo
652 881 745 925 est:
763 871 1018 924 spoliorum
1041 886 1180 916 causa
1195 871 1484 925 Aquilonem
1502 871 1698 915 Paetum
1716 870 1925 923 rapuisse
1942 869 2183 915 contendit

468 977 619 1022 poeta,
665 983 786 1021 quae
817 968 975 1013 omnia
1010 981 1202 1021 prorsus
1233 967 1422 1012 differre
1453 966 1512 1012 ab
1543 966 1761 1020 Argynni
1793 981 1903 1012 casu
1936 982 2031 1012 non
2063 981 2182 1019 opus

470 1071 540 1107 est
571 1070 845 1107 monstrare.

470 1251 547 1304 ite,
578 1259 700 1296 rates
731 1265 920 1302 curvae,
952 1259 999 1295 et
1030 1250 1108 1295 leti
1140 1250 1282 1295 texite
1314 1265 1476 1295 causas

473 1355 675 1391 metrum
722 1355 768 1390 et
798 1345 1026 1390 sententia
1056 1345 1256 1390 clamant
1287 1353 1466 1390 textum
1499 1354 1772 1399 corruptum
1804 1361 1921 1391 esse.
1954 1346 2186 1391 Baehren-

477 1441 571 1487 sius
602 1449 859 1495 praeeunte
891 1440 1118 1485 Fischero
1150 1455 1180 1492 p
1200 1440 1499 1484 raetexit
1517 1455 1543 1485 e
1575 1440 1748 1485 scribit.
1781 1440 1910 1486 Ante
1942 1455 2051 1485 eum
2084 1440 2186 1485 Itali

592 1537 654 1582 ite
686 1545 822 1588 rates,
854 1550 1043 1588 curvae,
1075 1535 1137 1580 ite
1169 1544 1215 1580 et
1246 1535 1324 1580 leti
1356 1535 1498 1580 texite
1529 1551 1706 1581 causas.

474 1631 691 1677 Verbum
723 1619 913 1676 texendi
932 1628 975 1688 ⁵¹)
1006 1639 1162 1675 autem
1194 1630 1396 1675 ostendit
1427 1645 1522 1676 non
1555 1646 1759 1676 naves
1791 1632 1874 1676 sed
1906 1631 2188 1676 homines

478 1727 739 1772 subiectum
772 1741 888 1771 esse.
922 1725 1049 1771 Cum
1082 1725 1342 1770 Passeratio
1373 1724 1510 1778 igitur
1541 1740 1744 1778 reponet

478 1822 555 1874 ite,
586 1830 708 1866 rates
739 1836 908 1866 curvas
939 1828 985 1865 et
1015 1820 1094 1865 leti
1125 1819 1266 1865 texite
1299 1834 1474 1865 causas.

479 2019 643 2056 natura
674 2010 898 2055 insidians
931 2018 1127 2063 pontum
1160 2009 1411 2054 substravit
1442 2008 1594 2054 avaris

482 2104 805 2150 Broukhusius
836 2104 912 2148 hic
944 2119 974 2148 n
992 2112 1096 2148 atu
1113 2119 1136 2148 r
1152 2119 1180 2148 a
1210 2103 1257 2147 in
1288 2103 1314 2147 f
1323 2118 1352 2148 o
1369 2119 1393 2148 r
1408 2112 1425 2147 t
1442 2119 1472 2148 u
1490 2119 1520 2148 n
1537 2118 1565 2147 a
1596 2112 1776 2148 mutare
1808 2103 1969 2156 voluit,
1987 2104 2070 2149 sed
2084 2119 2193 2148 eum

481 2200 572 2244 iam
615 2199 834 2244 refutavit
878 2198 1257 2243 LachmannnuS.
1302 2198 1498 2250 VersuS,
1530 2198 1567 2242 si
1599 2197 1790 2251 integer,
1822 2199 2079 2243 vertendus
2111 2208 2194 2251 est,

482 2303 646 2339 natura
690 2293 880 2338 insidias
911 2302 1095 2338 struens
1126 2293 1278 2338 avaris
1310 2301 1505 2345 pontum
1538 2293 1625 2338 sub
1657 2293 1856 2338 navibus
1888 2309 2052 2339 eorum
2085 2303 2195 2339 stra·

482 2390 563 2441 vit,
596 2398 646 2434 ut
678 2389 794 2434 mari
825 2389 1118 2434 committere
1150 2404 1199 2434 se
1232 2389 1472 2433 auderent.

484 2484 581 2536 Qui
614 2500 722 2530 cum
755 2484 1006 2529 Fonteinio

602 2588 766 2624 natura
797 2579 987 2623 insidias
1019 2575 1112 2636 (sic
1146 2576 1272 2636 Itali)
1305 2587 1448 2630 ponto
1480 2578 1732 2623 substravit
1763 2579 1914 2623 avaris

483 2675 636 2727 legere
683 2675 797 2726 vult,
844 2689 920 2718 me
979 2674 1134 2719 iudice
1187 2673 1571 2718 substravit
1627 2674 1831 2718 retinere
1878 2688 1973 2718 non
2021 2681 2197 2725 potest;

485 2784 593 2813 nam
640 2778 951 2813 sternere
986 2768 1292 2822 ,insidias
1338 2783 1580 2820 nunquam
1627 2768 1822 2820 dicitur;
1866 2769 2196 2813 coniciendum

487 2872 607 2908 esset
653 2863 766 2907 sub
784 2863 1050 2915 struxit,
1097 2864 1179 2907 sed
1226 2872 1320 2908 tres
1357 2864 1485 2908 locos
1517 2878 1612 2908 uno
1644 2878 1786 2908 versu
1818 2872 2062 2916 corruptos
2095 2878 2198 2908 esse

487 2956 642 3002 minus
673 2956 926 3001 verisimile
957 2966 1039 3001 est.
1072 2956 1220 3002 Servo
1252 2957 1388 3009 igitur
1419 2957 1667 3002 lectionem
1700 2957 1931 3002 codicum.

489 3153 506 3188 t
522 3160 546 3188 r
561 3159 589 3189 a
605 3159 630 3188 c
646 3153 663 3189 t
679 3159 719 3196 a,
748 3159 835 3196 pro
848 3159 944 3197 quo
953 3144 1181 3189 Heinsius
1207 3159 1228 3189 s
1244 3153 1262 3189 t
1278 3160 1302 3189 r
1317 3160 1344 3189 a
1359 3154 1377 3189 t
1393 3160 1432 3197 a,
1457 3145 1754 3190 Burmannus
1777 3161 1800 3189 r
1816 3160 1844 3190 a
1859 3160 1890 3197 p
1907 3153 1924 3189 t
1940 3160 1967 3189 a
1990 3145 2200 3190 coniece-

490 3246 612 3290 runt,
644 3238 819 3291 optime
850 3239 1117 3283 defenditur
1147 3239 1362 3283 versibus
1395 3239 1590 3291 Lucani,
1621 3239 1683 3283 V.
1716 3238 1827 3283 235:

408 3379 440 3426 ¹)
490 3383 644 3416 Emend.
669 3388 706 3416 et
731 3382 827 3423 expl.
854 3394 886 3422 p.
912 3382 969 3417 63.

407 3450 440 3496 ²)
489 3454 601 3494 Verg.
627 3453 723 3487 Aen.
749 3453 814 3493 XI,
841 3452 930 3494 3263
956 3452 1040 3487 Cat.
1067 3453 1123 3495 64,
1153 3453 1215 3494 10;
1242 3453 1314 3488 Ov.
1341 3453 1435 3487 Met.
1463 3453 1528 3494 XI,
1554 3454 1634 3488 524.
