2566 3886
1122 262 1390 308 —204—

462 391 814 436 Radermacher
833 389 875 449 ¹)
905 389 1100 449 (Philol.
1130 391 1201 444 52,
1233 408 1278 446 p.
1310 390 1424 451 625)
1456 407 1542 446 pro
1573 408 1620 438 m
1635 407 1662 438 e
1675 408 1703 438 a
1715 408 1737 438 s
1768 401 1903 438 meat
1939 393 2171 446 proponit.

460 484 552 530 Sed
569 501 678 531 cum
696 486 991 532 Rothsteinio
1014 502 1073 531 ex
1104 502 1151 530 m
1166 501 1193 531 e
1206 502 1232 531 c
1246 503 1277 532 u
1291 502 1338 531 m
1370 503 1402 532 v
1416 502 1443 532 e
1455 503 1481 532 c
1496 496 1553 532 ta
1565 503 1596 532 ιι
1609 496 1627 532 t
1640 504 1671 533 u
1685 503 1710 533 r
1739 485 1835 546 (vs.
1862 487 1942 546 ll)
1959 490 2174 543 supplen-

459 581 574 625 dum
606 590 676 626 est
707 596 795 626 me
826 582 1228 627 comitantur.

325 770 396 815 21.
414 770 485 816 22.
533 780 578 816 at
608 772 723 817 mihi
754 773 882 826 quod
914 773 1027 818 vivo
1059 773 1311 818 detraxerit
1342 773 1504 818 invida
1535 774 1685 826 turba,

327 2583 398 2628 23.

611 876 715 919 post
745 868 925 913 obitum
958 868 1133 922 duplici
1163 869 1356 914 faenore
1387 870 1555 914 reddet
1585 884 1718 914 onus.

460 963 555 1008 Pro
581 979 696 1009 onu
709 979 744 1017 s,
770 966 898 1018 quod
918 964 963 1010 O
981 966 1106 1017 dant,
1126 965 1447 1010 Rothsteinius
1473 980 1621 1017 opus
1647 964 1721 1017 (cf.
1740 964 1995 1009 Burmann.
2013 979 2058 1017 p.
2072 963 2174 1015 484)

459 1059 507 1103 in
545 1068 674 1104 textu
713 1059 880 1113 posuit.
919 1060 1109 1112 Iniuria,
1147 1075 1255 1105 nam
1294 1060 1399 1114 quis
1437 1075 1532 1105 non
1570 1060 1700 1104 videt
1734 1074 1888 1112 opus
1919 1074 2016 1104 non
2047 1067 2174 1104 recte

458 1154 633 1207 opponi
680 1155 921 1200 vocabulis
969 1156 1187 1200 invida
1231 1156 1439 1208 turba3
1485 1164 1535 1200 ut
1578 1155 1704 1199 enim
1748 1163 1891 1208 post
1933 1154 2173 1200 obitum

456 1250 710 1303 opponitur
747 1250 854 1295 voci
891 1250 1053 1302 vivo,
1092 1251 1158 1295 sic
1205 1251 1252 1295 in
1301 1259 1593 1304 pentametro
1625 1250 1800 1303 aliquid
1833 1258 2174 1302 exspectamus,

457 1346 586 1398 quod
618 1346 903 1390 contrarium
936 1346 993 1390 sit
1024 1346 1366 1391 vocabulorum
1409 1347 1626 1391 invida
1670 1346 1868 1398 turba,
1900 1344 2173 1398 praesertim

458 1455 567 1486 cum
599 1441 647 1485 id
679 1441 962 1486 vocabulum
995 1442 1043 1486 in
1063 1441 1156 1486 fine
1172 1456 1338 1486 versus
1355 1450 1568 1495 magnam
1599 1443 1803 1498 ἔμφασιν
1819 1441 2001 1486 habeat.
2029 1440 2173 1492 Quod

457 1551 574 1581 vero
608 1536 928 1581 Rothsteinius
959 1533 1115 1594 (Anh.
1136 1553 1180 1590 p.
1201 1534 1315 1594 360)
1336 1546 1499 1581 contra
1531 1536 1582 1581 H
1597 1551 1671 1581 on
1686 1551 1749 1581 os
1781 1536 1912 1581 dicit:
1931 1536 2035 1588 „ich
2052 1535 2174 1581 habe

458 1631 654 1676 reddet
676 1646 812 1684 opus
835 1632 1185 1685 hauptsiichlich
1203 1632 1398 1676 deshalb
1412 1632 1460 1676 in
1492 1632 1586 1676 den
1617 1631 1740 1676 Text
1770 1640 1959 1685 gesetzt,
1981 1631 2089 1676 weil
2121 1646 2172 1676 es

460 1726 550 1771 mir
571 1726 856 1771 bedenklich
891 1727 1139 1779 erscheint‚
1170 1728 1264 1771 den
1295 1728 1423 1771 wohl
1454 1727 1518 1771 im
1550 1727 1816 1771 romischen
1849 1726 2030 1778 Kultus,
2061 1725 2175 1771 aber

459 1821 589 1866 nicht
632 1822 695 1866 im
726 1821 1182 1876 Vorstellungskreis
1226 1824 1312 1867 der
1349 1823 1894 1877 griechisch-romischen
1935 1822 2175 1875 Dichtung

459 1917 844 1962 nachweisbaren
889 1917 1003 1963 Gott
1047 1919 1197 1963 durch
1241 1917 1506 1971 Koniektur
1548 1919 1903 1970 einzufiihren'',
1947 1918 2174 1963 refutatur

458 2013 563 2057 loco
582 2012 834 2065 Ovidiano,
852 2029 994 2066 quem
1012 2022 1058 2058 et
1075 2014 1174 2067 ipse
1192 2014 1512 2059 Rothsteinius
1529 2014 1679 2059 affert:
1697 2012 1835 2071 (Am.
1852 2013 1881 2058 Ι.
1900 2013 1969 2066 15,
1986 2012 2057 2058 39.
2075 2010 2172 2071 40).

612 2108 824 2153 Pascitur
854 2109 901 2153 in
934 2108 1055 2154 vivis
1089 2109 1260 2154 Livort
1291 2118 1395 2163 post
1425 2111 1514 2154 fata
1544 2109 1754 2162 quiescit,
1888 2091 1890 2094 ι

671 2219 779 2248 cum
812 2219 923 2248 suus
955 2219 1014 2248 ex
1045 2204 1212 2248 merito
1243 2220 1481 2258 quemque
1512 2213 1669 2249 tuetur
1699 2205 1863 2256 honos,

460 2297 541 2342 ubi
579 2298 790 2350 honos,
829 2313 1115 2351 quamquam
1153 2314 1249 2343 non
1288 2299 1404 2343 deus
1442 2299 1737 2352 significatur,
1774 2308 1930 2343 tamen
1971 2299 2175 2344 ostendit

459 2393 584 2444 apud
617 2392 914 2444 Propertium
946 2409 1137 2447 quoque
1168 2395 1289 2439 hanc
1320 2410 1488 2439 vocem
1520 2410 1622 2439 esse
1653 2394 2001 2439 restituendam.

462 2583 637 2628 Famae
667 2592 772 2637 post
803 2584 983 2629 obitum
1015 2584 1143 2638 fingit
1174 2585 1351 2629 maiora
1381 2593 1591 2629 vetustae

459 2678 525 2723 sic
567 2693 733 2723 versus
770 2679 935 2732 legitur
966 2679 1013 2723 in
1046 2679 1112 2731 N,
1158 2681 1287 2732 quod
1322 2680 1655 2732 Rothsteinius,
1689 2679 1938 2724 Brandtius
1970 2677 2041 2737 (p.
2076 2678 2171 2738 18),

459 2774 777 2819 Phillimorius
821 2774 1053 2828 recipiunt
1096 2790 1215 2820 voce
1258 2791 1290 2820 v
1305 2790 1331 2819 e
1346 2783 1404 2820 tu
1417 2790 1438 2820 s
1452 2784 1470 2819 t
1483 2791 1510 2820 a
1523 2790 1550 2820 e
1582 2775 1629 2820 in
1661 2791 1693 2820 v
1707 2791 1734 2819 e
1749 2784 1766 2819 t
1779 2791 1810 2820 u
1825 2790 1846 2819 s
1859 2783 1877 2819 t
1890 2790 1917 2819 a
1931 2789 1952 2819 s
1984 2783 2171 2820 mutata.

460 2869 590 2921 Quid
622 2885 738 2914 vero
781 2870 838 2914 fa
850 2885 897 2914 m
912 2885 939 2914 a
952 2885 979 2914 e
1023 2886 1055 2915 v
1068 2886 1095 2915 e
1109 2879 1126 2914 t
1139 2886 1170 2915 u
1184 2885 1205 2915 s
1220 2879 1237 2914 t
1249 2886 1276 2915 a
1289 2886 1310 2915 s
1342 2870 1429 2915 sibi
1461 2871 1587 2923 velit,
1620 2886 1715 2916 non
1732 2871 1924 2923 addunt,
1942 2879 1989 2915 et
2004 2885 2172 2916 revera

459 2965 708 3010 lectionem
741 2964 1042 3019 Neapolitani
1073 2966 1204 3010 nihili
1237 2981 1352 3018 esse,
1376 2966 1540 3010 videre
1556 2975 1688 3018 potes
1705 2981 1764 3010 ex
1780 2965 2013 3017 versione,
2030 2979 2170 3019 quam

461 3061 539 3104 dat
581 3061 801 3105 defensor
843 3061 943 3105 eius
975 3060 1317 3106 Phillimorius:
1350 3062 1496 3113 „atter
1526 3061 1722 3105 decease
1754 3075 1912 3105 comes
1942 3060 2022 3105 the
2067 3059 2172 3104 old

460 3171 487 3200 a
502 3165 529 3209 g
545 3171 572 3200 e
598 3171 627 3201 o
644 3156 661 3200 i
690 3172 714 3200 r
729 3171 756 3200 e
774 3171 804 3200 n
822 3171 851 3201 o
867 3172 913 3200 w
930 3171 961 3200 n
978 3164 1026 3201 to
1042 3157 1181 3201 make
1197 3157 1276 3201 the
1293 3156 1561 3201 semblance
1577 3156 1624 3201 of
1639 3156 1791 3209 things
1804 3165 1933 3209 grow
1948 3154 2171 3208 greater”.

460 3251 605 3296 Unde
650 3259 807 3295 tamen
857 3259 1017 3295 natum
1049 3251 1107 3295 sit
1151 3251 1266 3296 illud
1312 3251 1338 3295 f
1346 3266 1374 3296 a
1389 3267 1436 3296 m
1454 3266 1481 3295 a
1496 3266 1537 3303 e,
1574 3250 1838 3304 quaeritur:
1870 3249 2013 3294 ceteri
2045 3247 2170 3294 enim

462 3346 649 3391 codices
679 3345 923 3391 verissime
954 3347 1131 3400 legunt:

376 3453 403 3498 ¹)
449 3456 551 3490 Idem
578 3456 695 3490 multo
720 3463 806 3490 ante
832 3456 1023 3496 proposuit
1049 3451 1161 3499 (anno
1189 3452 1294 3499 1877)
1319 3456 1564 3497 Rosobergiu·
1590 3451 1803 3498 (Lucubrat.
1828 3450 1939 3493 Pron.
1965 3463 1998 3492 p.
2023 3449 2094 3495 34).
