2566 3886
1161 250 1397 297 -48-

482 385 616 429 dum
658 384 794 429 tibi:
839 381 1120 441 Baehrens‚)
1151 384 1265 429 mihi
1298 384 1501 428 maxime
1530 385 1680 436 placet
1709 399 1765 429 ea
1792 400 1932 438 quam
1963 387 2205 440 proposuit

484 479 541 524 C.
588 479 764 524 Brandt
807 476 1147 537 (Quaestiones
1191 478 1525 530 Propertianae
1569 494 1613 531 p.
1660 477 1757 536 15.)
1798 481 1879 532 qui
1917 481 1983 526 sic
2020 482 2204 526 scribit:

485 575 595 627 „qui
626 583 695 619 est
729 574 1064 619 sententiarum
1104 588 1267 625 nexus,
1306 573 1344 618 si
1382 588 1491 618 cum
1538 574 1830 619 Lachmanni
1886 575 2038 620 amico
2091 575 2204 621 Got-

480 670 675 723 tingensi
741 669 942 715 Ernesto
1012 667 1233 714 Schulzio
1308 684 1367 714 ex
1442 668 1751 723 Groningano
1827 685 1858 714 n
1875 685 1965 715 am
2042 671 2202 715 mihi

484 765 771 810 restituimus
785 764 812 809 P

482 860 755 913 Propertius
800 859 1092 905 fastidiosum
1137 859 1185 904 in
1217 875 1403 905 summo
1435 875 1521 905 suo
1552 860 1763 913 periculo
1794 860 1936 913 frigus
1968 860 2205 913 Cynthiae

482 965 674 1008 questus
710 971 842 1000 suam
880 955 1022 1000 fidem
1067 955 1310 1008 magnifica
1340 970 1452 1000 sane
1483 955 1693 1000 oratione
1724 956 1918 1001 affirmat
1949 954 2204 1014 (29—32);

483 1067 579 1104 quo
633 1067 774 1096 versu
828 1067 936 1096 cum
990 1051 1100 1095 fidei
1146 1050 1500 1095 affirmationem
1547 1050 1723 1095 finitam
1771 1060 1816 1096 et
1862 1052 1920 1095 ad
1967 1066 2204 1097 summum

482 1147 703 1191 orationis
740 1147 968 1200 fastigium
1007 1155 1288 1199 perventum
1327 1161 1429 1190 esse
1461 1154 1692 1199 appareat,
1725 1146 1897 1191 mirum
1930 1147 1977 1191 in
2010 1147 2204 1192 modum

482 1242 713 1287 flaccescit
753 1243 869 1287 haec
911 1242 1140 1287 sententia
1181 1256 1429 1294 semper
1469 1242 1690 1286 oculos
1734 1251 1874 1287 tuos
1917 1244 2205 1295 quamvis

482 1338 773 1390 perfidos
816 1346 1021 1382 tamen
1059 1337 1289 1389 amabo,
1329 1337 1601 1389 praesertim
1634 1352 1743 1382 cum
1776 1338 1855 1383 illo
1898 1354 2043 1391 nam,
2075 1339 2203 1391 quod

482 1434 621 1478 nimis
646 1433 913 1486 pedestrem
945 1433 1204 1478 orationem
1236 1432 1395 1485 sapiat,
1427 1432 1585 1484 inepte
1616 1434 1932 1477 annectatur''.

482 1528 558 1573 De
591 1528 863 1573 Baehrensii
895 1528 1165 1573 coniectura
1195 1536 1322 1572 recte
1354 1527 1604 1572 Brandtius
1636 1528 1809 1573 iudicat
1824 1528 2081 1573 observans
2097 1543 2204 1573 con-

482 1623 721 1668 iunctione
752 1623 782 1667 d
798 1639 829 1668 u
844 1639 890 1667 m
919 1623 1172 1676 magnificis
1196 1623 1284 1668 illis
1300 1624 1516 1669 versibus
1533 1624 1640 1669 satis
1656 1624 1860 1677 ineptam
1878 1624 2203 1676 exceptionem

482 1719 606 1764 addi.
655 1718 855 1771 Repone
917 1718 1055 1771 igitur
1115 1733 1224 1763 cum
1287 1719 1512 1764 Brandtio
1559 1728 1615 1764 at
1661 1719 1793 1764 tibi.
1841 1718 2201 1764 Similitudinem

481 1815 736 1859 litterarum
784 1813 938 1859 curari
984 1822 1176 1866 propter
1222 1829 1253 1866 q
1271 1829 1399 1859 uam
1444 1811 1613 1872 (versu
1652 1811 1736 1872 31)
1767 1829 1863 1859 non
1895 1829 2088 1859 necesse
2119 1823 2202 1859 est.

483 1909 806 1955 Rothsteinius
851 1918 897 1954 et
945 1909 1251 1962 Ribbeckius,
1295 1910 1376 1962 qui
1408 1910 1624 1955 versibus
1655 1909 1831 1954 27—32
1863 1909 2042 1962 offensi,
2073 1910 2202 1963 quod

483 2020 649 2050 versus
711 2004 854 2050 alium
918 2004 1128 2049 animum
1188 2004 1483 2057 praeberent,
1545 2020 1736 2050 carmen
1783 2005 2059 2057 diviserunt,
2106 2019 2202 2049 non

482 2101 705 2145 viderunt
748 2115 818 2145 vs.
862 2098 1039 2144 27—32
1085 2099 1202 2144 nihil
1248 2115 1350 2145 esse
1397 2101 1486 2145 nisi
1532 2100 1883 2154 digressionem,
1917 2115 2011 2153 qua
2056 2100 2204 2145 verba

483 2205 703 2241 nostro
778 2195 957 2248 peric
974 2196 1077 2240 ulo
1139 2195 1433 2247 explicantur
1493 2195 1541 2240 id
1605 2196 1733 2248 quod
1794 2204 1922 2240 recte
1983 2195 2203 2240 observat

487 2291 579 2335 Ites
611 2288 666 2348 (l.
698 2288 755 2348 1.)

485 2386 674 2430 Deinde
721 2384 1007 2439 digressione
1053 2385 1181 2430 finita
1217 2400 1359 2430 versu
1392 2383 1448 2429 33
1479 2385 1538 2429 ad
1571 2385 1632 2437 id,
1665 2385 1792 2437 quod
1825 2400 1967 2430 versu
1998 2385 2055 2430 25
2087 2385 2203 2430 dixit

483 2481 692 2535 Cynthia
722 2482 988 2526 cavendum
1020 2496 1137 2533 esse,
1169 2495 1230 2525 ne
1260 2495 1288 2525 a
1319 2480 1406 2524 diis
1438 2480 1671 2532 puniatur,
1703 2480 1966 2525 revertitur.

485 2577 678 2630 Optime
709 2585 865 2622 autem
898 2591 1103 2628 carmen,
1135 2576 1264 2628 quod
1296 2584 1444 2621 totum
1462 2584 1675 2620 versatur
1691 2575 1738 2619 in
1756 2574 1991 2628 Cynthiae
2008 2575 2203 2628 perfidia

483 2672 785 2725 nequitiaque
816 2671 1072 2724 querenda,
1104 2670 1359 2723 clauditur;

720 2782 749 2812 o
782 2767 920 2812 nullis
950 2775 1102 2812 tutum
1135 2767 1331 2812 credere
1362 2765 1610 2811 blanditiis.

483 2863 704 2908 Vidimus
751 2863 887 2916 igitur
932 2877 1137 2914 carmen,
1184 2862 1322 2915 quale
1368 2862 1425 2906 sit
1456 2861 1690 2913 traditum,
1722 2861 1898 2913 optime
1928 2861 2200 2913 procedere.

485 2958 735 3003 Praeterea
765 2972 904 3010 spero
936 2957 983 3002 id
1015 2972 1206 3010 quoque
1238 2972 1314 3001 me
1346 2971 1451 3001 mea
1482 2956 1775 3002 enarratione
1807 2956 1998 3008 planum
2020 2955 2201 3007 fecisse,

481 3069 623 3107 quam
646 3053 758 3098 falsa
774 3061 895 3097 esset
918 3052 1135 3106 Postgatii
1153 3052 1312 3105 opinio
1329 3067 1494 3097 versus
1510 3050 1686 3096 29—32
1704 3051 1780 3096 hic
1796 3050 1972 3096 alienos
1989 3049 2201 3095 ducentis

484 3157 531 3193 et
562 3157 665 3201 post
695 3147 884 3200 XVIII,
918 3146 973 3192 16
1005 3147 1362 3200 transponentis.

484 3242 665 3288 Contra
712 3242 1028 3287 Ribbeckium
1079 3251 1206 3287 recte
1239 3242 1332 3287 Ites
1363 3241 1429 3286 sic
1461 3241 1686 3294 disputat:
1719 3273 1746 3293 „
1779 3241 2130 3292 Exspectamus,
2163 3239 2201 3283 si

484 3353 578 3383 una
608 3337 755 3390 elegia
786 3337 844 3382 ad
877 3338 1068 3381 alteram
1087 3351 1136 3381 se
1152 3337 1294 3381 refert
1311 3345 1391 3381 aut
1406 3351 1509 3381 eam
1529 3336 1713 3388 supplet
1733 3360 1792 3365 -
1807 3335 1935 3388 quod
1953 3333 2052 3379 fieri
2069 3334 2201 3385 solet,

483 3433 521 3478 si
567 3434 711 3478 altera
757 3433 884 3478 iuxta
929 3431 1078 3485 posita
1119 3431 1245 3477 idem
1277 3439 1602 3484 argumentum
1635 3438 1796 3475 tractat
1827 3438 1873 3475 et
1903 3429 1979 3475 hic
2010 3442 2202 3481 quoque
