2566 3886
317 418 388 464 63.

318 965 390 1012 68.

1108 291 1372 337 —230—

450 428 495 464 at
526 420 689 464 saltem
722 420 880 465 Italiae
911 421 1179 474 regionibus
1211 423 1382 467 evehat
1412 431 1566 468 aestus

451 514 526 560 Sic
558 516 705 560 edunt
723 515 1045 562 Rothsteinius
1063 525 1109 561 et
1125 517 1472 570 Phillimorius;
1505 517 1658 562 scribe
1689 526 1845 563 tamen
1877 533 1985 563 cum
2019 518 2167 564 Italis:

451 625 478 654 a
491 611 522 654 d
536 625 567 654 v
582 625 608 655 e
623 611 654 655 h
666 626 693 655 a
704 619 735 655 t.
770 611 885 656 Loci
915 611 975 656 ab
1008 611 1304 657 Rothsteinio
1325 612 1447 657 allati
1462 621 1673 658 nostrum
1690 627 1881 666 prorsus
1900 628 1996 658 non
2013 613 2170 658 delen·

451 706 589 757 dunt;
633 705 709 750 hic
741 706 1009 760 ambiguum
1042 715 1164 752 esset
1206 707 1521 752 evehendi
1566 706 1793 759 verbum;
1826 722 1934 752 nam
1967 707 2169 752 discerni

453 815 547 845 non
580 809 774 853 poterat,
807 810 965 846 utrum
997 801 1363 855 regionibus
1395 802 1578 847 dativus
1610 810 1745 854 esset,
1776 817 1836 847 an
1868 802 2110 848 ablativus.

452 975 498 1011 et
529 975 579 1012 tu
611 976 824 1013 materno
855 976 1000 1012 tracta
1031 968 1194 1013 dolore
1226 967 1403 1013 Thetis.

453 1060 529 1106 Sic
547 1062 707 1107 scribit
724 1062 998 1107 Phillimore
1015 1078 1123 1108 cum
1141 1063 1489 1117 manuscriptis;
1507 1064 1607 1117 lege
1621 1079 1729 1109 cum
1758 1064 1988 1109 Beroaldo
2015 1072 2169 1109 tacta.

1036 1421 1292 1468 ELEGIA
1323 1422 1460 1467 VIII.

454 1577 585 1630 Quid
632 1578 792 1632 elegia,
839 1579 899 1623 de
946 1592 1040 1632 qua
1086 1591 1213 1621 nunc
1245 1575 1523 1628 disputaturi
1555 1590 1731 1628 sumus,
1763 1576 1851 1621 sibi
1883 1576 2010 1629 velit,
2042 1577 2171 1623 Post-

452 1673 625 1726 gatium
657 1673 802 1718 latere
833 1673 1036 1724 videtur,
1069 1671 1150 1724 qui
1182 1685 1350 1716 versus
1382 1670 1558 1715 35-40
1590 1686 1617 1715 a
1648 1681 1809 1716 nostro
1840 1671 2048 1716 carmine
2065 1672 2171 1717 alie-

457 1783 543 1813 nos
574 1776 704 1820 putat
734 1764 857 1826 (vid.
890 1782 1048 1820 appar.
1081 1782 1145 1812 cr.
1178 1767 1288 1811 edit.
1323 1764 1478 1824 1894).
1512 1765 1605 1811 Sed
1637 1766 1728 1810 iam
1746 1766 1948 1818 Paleyus
1964 1766 2173 1812 breviter

453 1862 708 1915 adnotavit,
755 1863 996 1915 quomodo
1043 1863 1159 1907 haec
1206 1861 1353 1915 elegia
1397 1861 1748 1915 interpretanda
1793 1870 1939 1907 esset:
1971 1862 2049 1914 „in
2080 1862 2172 1907 this

453 1958 614 2003 clever
656 1958 750 2002 and
794 1957 987 2011 spirited
1019 1957 1153 2011 elegy
1185 1957 1264 2001 the
1296 1965 1407 2010 poet
1437 1972 1621 2003 assures
1653 1956 1862 2010 Cynthia
1891 1958 1989 2002 that
2019 1972 2072 2003 so
2103 1958 2173 2003 lar

454 2054 574 2098 {rom
634 2053 774 2106 being
824 2052 1045 2097 offended
1092 2052 1207 2096 with
1254 2052 1340 2096 her
1385 2051 1565 2097 violent
1607 2052 1800 2106 bearing
1844 2052 1892 2097 in
1938 2067 1966 2097 a
2010 2061 2173 2098 recent

455 2149 658 2203 quarrel,
690 2149 751 2193 he
783 2147 1026 2193 considers
1057 2147 1091 2191 it
1121 2162 1170 2192 as
1201 2148 1281 2192 the
1318 2156 1549 2201 strongest
1579 2148 1715 2200 proof
1745 2148 1793 2192 ol
1823 2148 1910 2192 her
1940 2148 2170 2193 affection.

456 2244 573 2289 This
618 2244 657 2289 is
704 2244 803 2289 said
849 2243 964 2288 with
1010 2258 1037 2287 a
1079 2243 1204 2287 view
1235 2251 1283 2287 to
1314 2242 1542 2296 retaining
1572 2243 1659 2287 her
1689 2243 1856 2287 favour
1886 2243 2062 2296 against
2091 2244 2170 2288 the

456 2340 617 2384 claims
663 2339 711 2384 oi
755 2354 782 2383 a
826 2338 945 2383 rival
991 2339 1101 2383 who
1145 2338 1183 2382 is
1214 2338 1382 2390 briefly
1413 2338 1668 2382 addressed
1700 2337 1814 2382 with
1846 2337 2171 2383 considerable

457 2435 706 2480 bitterness
737 2443 783 2480 at
813 2435 893 2479 the
925 2433 1243 2479 conclusion''.

456 2531 639 2576 Versus
683 2538 839 2575 autem
884 2531 1128 2575 damnatos
1171 2544 1340 2574 revera
1377 2529 1436 2573 ad
1469 2537 1681 2573 nostrum
1713 2528 1950 2580 pertinere
1981 2543 2172 2574 carmen

457 2626 590 2671 facile
633 2625 945 2670 demonstrari
976 2633 1141 2677 potest,
1173 2639 1282 2669 cum
1316 2624 1483 2669 Itesius
1514 2622 1617 2681 (De
1649 2623 1790 2676 Prop.
1823 2624 1937 2676 eleg.
1970 2623 2092 2668 inter
2122 2638 2173 2668 se

457 2722 649 2768 conexis
680 2737 726 2775 p.
758 2718 947 2778 56sqq.)
979 2719 1249 2772 exposuerit
1279 2720 1401 2764 hanc
1432 2719 1627 2773 elegiam
1645 2727 1691 2764 et
1707 2727 1885 2764 sextam
1909 2719 2049 2764 huius
2067 2718 2174 2764 libri

457 2818 584 2863 idem
616 2825 943 2871 argumentum
975 2824 1199 2861 tractare:
1233 2814 1545 2867 „discordiam
1563 2815 1685 2859 inter
1701 2822 1887 2868 poetam
1905 2822 1952 2859 et
1966 2815 2171 2868 puellam

458 2921 624 2965 ortam,
656 2912 718 2957 ita
748 2912 943 2965 quidem
976 2920 1027 2956 ut
1056 2912 1115 2956 el.
1148 2910 1175 2956 8
1206 2910 1511 2963 tranquillum
1542 2918 1589 2955 et
1604 2911 1761 2955 levem
1779 2918 1944 2962 poetae
1961 2909 2170 2955 animum

458 3009 687 3060 ostendat,
719 3022 863 3060 quem
895 3007 943 3052 in
977 3007 1063 3051 hac
1095 3021 1147 3051 re
1179 3021 1230 3051 se
1262 3006 1438 3050 habere
1470 3005 1676 3058 fingit,
1708 3013 1838 3049 sexta
1869 3004 2094 3049 invidiam
2128 3013 2175 3050 et

459 3103 576 3149 iram
609 3103 838 3155 puellae''.
871 3102 1055 3147 Bellum
1088 3101 1215 3147 enim
1247 3116 1350 3146 esse
1381 3109 1428 3146 et
1458 3109 1617 3145 nostra
1647 3109 1693 3145 et
1715 3108 1845 3145 sexta
1860 3100 2006 3153 elegia
2022 3108 2172 3145 osten-

460 3198 591 3242 dunt.
625 3196 752 3243 Cum
784 3205 940 3242 autem
973 3197 1089 3242 duas
1120 3198 1203 3241 has
1234 3196 1403 3250 elegias
1434 3196 1556 3241 inter
1586 3211 1636 3240 se
1667 3195 2058 3248 comparavimus,
2075 3203 2174 3240 tum

461 3294 655 3338 demum
699 3292 1011 3346 intelligimus,
1055 3307 1141 3337 cur
1183 3300 1322 3345 poeta
1352 3291 1399 3336 in
1432 3299 1562 3336 sexta
1594 3299 1687 3334 tam
1719 3289 1858 3334 anxie
1889 3303 2080 3333 servum
2113 3289 2173 3333 de

461 3388 618 3441 puella
638 3388 903 3441 interroget,
920 3402 1005 3432 cur
1020 3395 1113 3432 tam
1131 3387 1287 3432 multis
1303 3387 1462 3432 verbis
1478 3395 1647 3438 utatur,
1663 3394 1714 3431 ut
1730 3385 1871 3430 fidem
1888 3399 2019 3429 suam
2036 3391 2175 3435 atque

448 3497 658 3528 amorem
690 3483 887 3528 fateatur
916 3479 985 3540 (6,
1018 3479 1235 3540 37-40),
1266 3497 1408 3535 quam
1435 3481 1496 3527 ob
1525 3496 1625 3526 rem
1654 3489 1747 3525 tam
1776 3480 1996 3525 ardenter
2023 3485 2177 3532 speret
