2566 3886
315 1031 387 1076 64.

317 1208 388 1254 70.

323 1906 391 1952 12.

328 2563 397 2609 14.

1101 244 1366 290 —246—

596 385 775 429 septem
809 375 922 420 urbs
954 375 1044 420 alta
1075 374 1206 428 iugis,
1238 383 1335 420 toto
1367 390 1489 427 quae
1520 375 1755 428 praesidet
1786 376 1904 428 orbi,

656 470 884 515 femineas
915 469 1069 515 timuit
1101 470 1259 515 territa
1292 470 1450 515 Marte
1483 469 1668 516 minas?

445 566 648 612 ostendit
696 566 877 611 Romae
925 581 1167 619 nunquam
1216 581 1404 611 causam
1448 566 1548 611 fore
1586 565 1781 618 timoris,
1813 565 1989 620 quippe
2020 581 2162 620 quam

447 662 527 707 Dii
572 661 870 707 condiderint
917 670 1204 715 serventque
1247 660 1338 717 (vs.
1371 658 1482 718 65);
1516 676 1628 714 prae
1660 662 1747 706 hac
1779 661 1975 706 victoria
2006 661 2165 706 omnia

447 756 579 809 parvi
623 756 837 802 facienda
879 765 1011 801 sunt:
1056 770 1182 800 nunc
1224 755 1305 801 ubi
1349 754 1620 809 Sciapiadae
1663 758 1832 802 classes
1863 754 2001 809 eqs.?
2043 757 2165 801 hanc

448 851 692 897 victoriam
725 851 825 904 ipse
857 850 1034 903 Apollo
1066 850 1360 896 memorabit.

449 1039 495 1076 et
526 1029 721 1075 cui-..z
754 1030 855 1083 lege
887 1044 995 1074 cum
1030 1029 1229 1075 Puccio:
1265 1037 1364 1074 est
1395 1030 1502 1074 cui

452 1209 600 1254 Recte
619 1209 927 1255 Housmanus
946 1208 1150 1254 correxit
1166 1206 1310 1266 (JPh.
1342 1207 1480 1253 XVI.
1513 1223 1557 1262 p.
1594 1206 1674 1266 10)
1692 1218 1704 1248 ε
1736 1216 1796 1252 ta
1812 1223 1842 1252 n
1860 1207 1906 1251 ti
1938 1222 1968 1252 o
1985 1221 2015 1259 p
2031 1221 2059 1251 e
2076 1206 2127 1251 ri
2144 1221 2166 1251 s

456 1303 487 1348 b
505 1305 564 1349 el
581 1305 595 1349 l
612 1320 643 1350 u
661 1320 723 1349 m.

1042 1546 1298 1594 ELEGIA
1327 1548 1440 1594 XII.

454 1726 581 1772 Cum
615 1725 931 1779 Neapolitano
963 1726 1118 1771 scribo
1150 1742 1180 1771 n
1198 1741 1225 1771 e
1257 1727 1315 1773 ta
1331 1742 1357 1772 c
1374 1743 1401 1772 e
1418 1743 1442 1772 r
1458 1743 1486 1773 e
1502 1743 1536 1772 s.

454 1921 576 1951 neve
608 1914 687 1951 tua
719 1905 897 1951 Medae
927 1906 1158 1951 laetentur
1188 1906 1334 1951 caede
1366 1906 1567 1960 sagittae,

514 2003 695 2047 ferreus
725 2010 887 2048 aurato
919 2018 1012 2048 neu
1045 2003 1368 2056 cataphractus
1398 2018 1524 2057 equo

456 2097 619 2143 Credo
666 2113 775 2143 cum
824 2097 1058 2142 Hartman
1090 2097 1139 2142 in
1170 2097 1403 2143 vocabulo
1448 2099 1509 2143 fe
1526 2113 1550 2143 r
1566 2113 1632 2143 re
1649 2114 1680 2144 u
1697 2114 1718 2143 s
1765 2099 1960 2144 haerere
1998 2113 2171 2143 nomen

456 2194 632 2247 populi,
676 2202 727 2239 ut
772 2208 914 2239 versu
961 2193 1013 2238 ll
1064 2193 1119 2238 M
1135 2209 1162 2238 e
1180 2194 1211 2238 d
1227 2208 1254 2238 a
1270 2208 1297 2238 e
1315 2208 1326 2246 ;
1385 2193 1561 2246 optime
1608 2194 1807 2239 coniecit
1861 2193 2173 2239 Marklandus

457 2289 569 2334 olim
632 2287 921 2334 Sericus·
942 2286 984 2346 1)
1042 2289 1136 2334 Pro
1193 2298 1459 2334 aurato:
1518 2298 1734 2334 aerato
1792 2289 1869 2335 vel
1922 2297 2171 2334 armato

458 2386 612 2439 legere
644 2385 799 2431 minus
831 2384 1146 2431 necessarium
1178 2385 1379 2430 videtur.

458 2564 524 2609 sic
555 2564 756 2609 redeunt
786 2563 874 2608 illis
906 2564 987 2617 qui
1020 2564 1235 2608 cecidere
1267 2563 1382 2608 locis

464 2658 602 2704 Haec
646 2659 838 2704 demum
886 2658 1084 2704 barbara
1120 2667 1245 2703 terra
1275 2666 1357 2710 est,
1390 2659 1519 2703 unde
1549 2658 1613 2702 illi
1645 2659 1727 2711 qui
1773 2658 1960 2703 occid
1978 2666 2175 2703 erunt

458 2754 658 2800 redeunt
674 2753 815 2799 cinis!
847 2754 1075 2799 exclamat
1107 2753 1398 2799 Hartmanus
1414 2753 1462 2798 in
1480 2753 1791 2806 disputatione
1808 2752 1975 2797 batave
1991 2752 2174 2806 scripta,

461 2850 538 2895 cui
595 2864 770 2895 nomen
819 2849 952 2901 „Een
1005 2864 1066 2894 en
1112 2849 1262 2894 ander
1314 2863 1430 2893 over
1485 2848 1800 2900 Propertius’'.
1860 2846 2173 2892 Baehrensius

460 2961 650 3000 quoque
681 2971 739 2976 —
771 2960 1056 2999 quamquam
1104 2945 1204 2990 eius
1235 2944 1504 2989 coniectura
1534 2943 1644 2988 ferri
1676 2958 1772 2988 non
1803 2951 1954 2996 potest
1984 2950 2176 2995 propter

459 3042 669 3087 futurum
701 3042 810 3086 red
828 3042 930 3086 ien
948 3050 966 3086 t
1014 3041 1142 3094 quod
1189 3055 1284 3085 non
1332 3039 1570 3085 invenitur
1616 3039 1741 3091 apud
1778 3037 1978 3092 Augusti
2015 3037 2175 3083 aetatis

462 3145 623 3190 poetas
654 3160 712 3166 —
743 3135 908 3181 vitium
941 3136 1137 3180 haerere
1168 3134 1337 3187 sensit;
1369 3133 1616 3186 scripserat
1647 3132 1798 3185 enim;

580 3230 619 3275 si
652 3231 850 3282 redient,
881 3230 969 3275 illis
997 3230 1078 3283 qui
1106 3230 1321 3275 cecidere
1352 3229 1478 3274 locis.

462 3326 647 3371 Verum
678 3325 876 3371 restituit
909 3325 1199 3371 Hartmanus
1231 3324 1424 3378 palmari
1457 3339 1539 3369 sua
1570 3323 1863 3368 coniectura:

380 3444 406 3490 ¹)
454 3448 501 3482 ef.
526 3459 618 3489 quac
643 3449 687 3482 ad
713 3447 779 3489 lv,
805 3447 838 3489 ³.
864 3447 886 3482 8
911 3447 1180 3482 annotavimus.
