2566 3886
1180 254 1387 299 -7-

492 398 740 443 nequeant,
784 389 1058 434 alterutrum
1101 394 1153 431 ut
1195 385 1282 431 sibi
1325 386 1544 431 succedat
1581 393 1823 438 precatur:
1862 385 2068 438 primum
2106 400 2206 438 vos,

492 493 664 538 magae‚
697 483 932 536 Cynthiae
964 490 1169 527 mentem
1201 481 1486 526 convertite:
1518 481 1715 525 alterum
1748 480 1786 524 si
1817 480 2207 525 incantationibus

492 579 700 632 Cynthia
730 593 825 623 non
858 578 1017 622 cedat:

610 682 715 719 aut
744 688 832 718 vos
864 704 1097 716 ......
1130 670 1266 715 amici

730 767 939 821 quaerite
971 781 1066 811 non
1098 765 1198 811 sani
1229 765 1430 818 pectoris
1462 765 1677 810 auxilia’'.

495 864 652 909 Venio
686 878 812 908 nunc
853 862 912 907 ad
954 862 1146 907 alteram
1190 860 1335 905 nostri
1380 859 1565 905 distichi
1610 860 1939 913 difficultatem,
1984 861 2210 914 quidnam

494 958 717 1013 significet
759 971 934 1002 sacra
976 956 1166 1010 piare.
1211 954 1424 1000 Primum
1462 955 1598 1000 nobis
1626 955 1810 1008 ‘aliquid
1849 955 2103 1001 dicendum
2143 966 2212 1002 est

494 1054 554 1099 de
599 1052 821 1105 opinione
864 1067 1044 1104 eorum,
1088 1051 1169 1104 qui
1225 1065 1404 1096 sacra
1458 1065 1678 1096 manes
1733 1051 1991 1104 significare
2034 1060 2210 1104 putant.

495 1149 636 1194 Hanc
701 1148 827 1193 enim
888 1147 1319 1200 interpretationem
1382 1162 1408 1191 a
1469 1146 1633 1191 Dousa
1694 1146 1933 1191 inventam
1994 1146 2213 1199 repetivit

495 1243 749 1298 Woltierus
795 1252 974 1288 nostras
1017 1243 1064 1287 in
1109 1243 1244 1294 libro,
1288 1242 1369 1295 qui
1398 1241 1692 1287 inscribitur:
1737 1240 1908 1286 Serta
1951 1241 2211 1287 Romana

494 1354 539 1392 p.
585 1338 683 1391 112,
727 1354 822 1384 non
860 1347 1015 1383 tamen
1054 1339 1114 1383 de
1164 1347 1323 1383 nostro
1362 1338 1479 1389 loco,
1517 1338 1600 1382 sed
1638 1337 1699 1381 de
1736 1352 1877 1381 versu
1915 1336 2068 1390 primo
2106 1336 2211 1381 libri

494 1435 614 1480 tertii
665 1443 819 1488 agens.
872 1434 1048 1486 Densa,
1094 1423 1236 1486 quem
1283 1433 1493 1486 sequitur
1539 1432 1878 1484 Broukhusius,
1921 1433 2041 1477 duos
2086 1432 2213 1477 locos

495 1531 602 1576 citat
631 1531 690 1576 ad
723 1545 854 1575 suam
886 1529 1157 1582 opinionem
1190 1528 1566 1573 defendendam:

613 1624 738 1670 Suet.
770 1624 920 1677 Nero,
952 1623 1010 1669 C.
1043 1623 1125 1668 34:
1157 1624 1271 1676 quin
1303 1632 1349 1668 et
1379 1623 1501 1668 facto
1532 1638 1618 1676 per
1650 1622 1817 1676 Magos
1849 1637 1981 1667 sacro
2013 1636 2214 1667 evocare

615 1720 799 1772 Manes,
832 1728 877 1764 et
908 1734 1103 1765 exorare
1135 1718 1329 1764 tentavit

615 1816 755 1868 Prop.
795 1815 881 1860 111.
922 1814 961 1859 1.
1001 1814 1053 1859 l:
1092 1813 1369 1859 Callimachi
1409 1813 1580 1858 Manes
1617 1821 1663 1858 et
1700 1812 1792 1858 Coi
1827 1827 1958 1857 sacra
1988 1812 2212 1857 Philetae.

499 1912 553 1956 In
596 1920 763 1956 neutro
807 1919 961 1955 tamen
999 1910 1104 1955 loco
1140 1909 1393 1962 quicquam
1431 1908 1588 1952 auxilii
1633 1917 1716 1953 est.
1770 1908 1914 1959 Quod
1953 1907 2212 1961 intelligens

499 2006 805 2052 Housmanus
852 2005 1154 2050 Fonteinium
1202 2013 1388 2049 secutus
1435 2004 1675 2049 contendit
1721 2012 1766 2048 et
1812 2012 1972 2048 nostro
2018 2004 2123 2048 loco
2166 2012 2213 2048 et

499 2102 585 2146 111.
611 2101 649 2146 1.
675 2101 697 2145 l
724 2099 845 2153 „Coi
862 2115 991 2146 sacra
1023 2099 1261 2145 Philetae'’
1308 2114 1488 2157 sacr-a
1519 2114 1622 2144 esse
1654 2107 1927 2151 corruptum
1959 2114 2019 2143 ex
2061 2099 2211 2151 fata:

498 2196 611 2241 mihi
648 2205 803 2241 tamen
842 2210 938 2240 non
975 2195 1229 2240 verisimile
1266 2195 1455 2240 videtur
1491 2194 1677 2239 duobus
1699 2194 1813 2239 locis
1844 2194 1979 2247 longe
2012 2192 2132 2238 inter
2163 2209 2212 2239 se

498 2291 773 2336 distantibus
822 2291 940 2336 torte
987 2292 1189 2343 quadam
1234 2291 1281 2335 in
1325 2291 1494 2335 eodem
1536 2289 1768 2334 vocabulo
1811 2303 2002 2341 prorsus
2043 2289 2212 2334 eodem

498 2387 640 2431 modo
671 2394 914 2439 peccatum
946 2401 1048 2431 esse
1079 2401 1106 2430 a
1130 2385 1355 2437 librariis:
1387 2385 1560 2429 deinde
1577 2399 1808 2437 nusquam
1826 2399 2006 2428 —nam
2026 2384 2213 2429 Horatii

498 2483 628 2527 locus
654 2480 695 2539 1)
746 2482 836 2527 alio
888 2482 1031 2526 modo
1083 2481 1305 2534 explicari
1351 2489 1515 2532 potest,
1563 2479 1722 2524 Melae
1769 2480 1899 2524 locus
1946 2480 2071 2524 solus
2116 2494 2212 2524 non

499 2577 664 2622 sufficit
706 2578 765 2622 ad
808 2586 901 2621 tam
946 2591 1103 2621 rarum
1148 2591 1285 2620 usum
1340 2575 1471 2620 vocis
1525 2575 1551 2619 f
1560 2583 1656 2619 ata
1710 2575 1835 2627 apud
1877 2583 2036 2627 poetas
2074 2574 2213 2619 huius

499 2671 658 2716 aetatis
671 2672 1026 2716 defendendum
1035 2696 1091 2700 —
1101 2685 1269 2715 vocem
1287 2685 1308 2715 s
1317 2685 1443 2715 acra
1459 2670 1535 2714 tali
1550 2685 1690 2714 sensu
1707 2670 1967 2714 adhibitum
1982 2670 2214 2715 videmus.

502 2767 632 2819 Quid
678 2766 828 2820 ergo?
875 2765 1044 2811 Sanam
1088 2780 1190 2810 esse
1234 2780 1403 2810 vocem
1448 2779 1556 2809 cum
1603 2765 1759 2809 multis
1804 2765 1961 2816 credo,
2000 2765 2213 2809 nondum

499 2870 655 2907 tamen
687 2862 794 2906 satis
832 2861 1121 2914 explicatam.
1159 2859 1330 2905 Citabo
1368 2860 1543 2912 aliquot
1574 2859 1904 2911 explicationes
1936 2874 2101 2904 eorum
2132 2859 2214 2912 qui

500 2964 677 3000 textum
694 2955 913 3000 traditum
931 2956 1216 3000 defendunt:
1248 2955 1417 3007 Paley:
1441 2971 1471 3008 p
1485 2955 1499 2999 i
1514 2969 1541 2999 a
1551 2969 1575 2998 r
1588 2969 1615 2998 e
1626 2967 1678 2989 =
1692 2954 1908 3011 ἁγνίζειν,
1922 2953 2212 3010 καθαγίζειν.

503 3050 692 3102 Haupt:
745 3047 934 3108 (Moriz
988 3050 1054 3101 H,
1100 3065 1195 3094 von
1243 3049 1418 3094 Christ.
1467 3049 1646 3102 Belga,
1693 3063 1738 3100 p.
1785 3045 1869 3105 91)
1927 3048 2103 3100 piare
2160 3062 2214 3084 =

502 3144 729 3196 piando
777 3160 955 3190 sacra
999 3146 1238 3196 facere3
1285 3144 1531 3188 Rothstein
1578 3158 1622 3179 =
1658 3143 1976 3194 piaculum
2021 3142 2211 3195 piare.

501 3238 727 3283 Libenter
783 3239 926 3284 credo
972 3238 1128 3284 multis
1176 3254 1271 3283 non
1318 3253 1593 3291 persuasum
1640 3252 1742 3282 esse
1801 3236 1977 3289 piare
2036 3251 2213 3284 sacra

420 3432 451 3479 1)
501 3434 633 3471 Carm:
658 3435 691 3470 1:
717 3435 779 3470 24:
809 3435 862 3474 15.
