2566 3886
338 2295 410 2341 39.

1135 263 1400 310 -161—

468 405 812 451 pentametrum
844 411 953 442 cum
998 395 1298 442 Broukhusio
1339 395 1668 448 interpolatum
1700 396 1838 448 duco,
1870 395 1950 450 qui
1983 395 2184 450 interpo-

469 492 664 537 latorem
696 491 860 536 Ovidii
891 505 1082 536 versum
1112 490 1225 536 Am.
1258 490 1345 535 111.
1377 489 1418 536 8.
1450 489 1508 535 62

621 587 818 640 imperat
859 595 910 632 ut
952 595 1128 639 captae,
1172 586 1253 639 qui
1290 586 1404 631 dare
1436 586 1581 631 multa
1611 594 1763 639 potest

468 690 576 727 ante
607 683 768 728 oculos
799 681 1018 727 habuisse
1054 680 1346 735 opinabatur.

469 869 650 916 Contra
693 870 1030 916 Baehrensium
1048 867 1104 928 ¹),
1147 870 1228 924 qui
1267 868 1398 915 31:32
1430 879 1535 923 post
1566 869 1696 915 33.34
1744 871 2038 923 transposuit,
2071 869 2185 916 Otto

468 963 962 1023 (Versumstellungen
995 965 1017 1010 1
1050 980 1091 1020 p.
1125 962 1207 1023 14)
1238 973 1416 1010 textum
1447 965 1668 1010 traditum
1700 965 1924 1018 defendit,
1941 974 2185 1020 totumque

471 1062 627 1107 locum
671 1060 737 1106 sic
779 1059 1003 1113 explicat:
1047 1058 1220 1113 „Sogar
1262 1059 1382 1104 iiber
1423 1060 1506 1105 das
1539 1059 1681 1105 Meer
1722 1060 1818 1105 will
1861 1061 1948 1105 der
1987 1060 2186 1106 Dichter

469 1155 625 1201 seiner
667 1154 919 1200 Geliebten
962 1155 1129 1207 fulgen.
1162 1153 1360 1199 Welche
1391 1154 1431 1198 F
1435 1155 1583 1199 reude
1614 1155 1733 1199 wird
1768 1170 1818 1199 es
1849 1155 1964 1207 sein,
1997 1155 2080 1200 mit
2110 1155 2185 1200 ihr

469 1266 564 1295 von
608 1249 881 1295 demselben
924 1249 1143 1303 gelinden
1185 1249 1472 1294 Fahrwinde
1516 1250 1844 1303 dahingeflihrt
1881 1266 1942 1295 zu
1975 1251 2184 1303 werden,

469 1346 589 1391 nach
633 1344 858 1390 Belieben
889 1359 965 1389 am
996 1343 1205 1390 Gestade
1235 1359 1297 1390 zu
1328 1353 1498 1397 rasten,
1530 1353 1669 1389 unter
1699 1345 1974 1390 demselben
2006 1345 2185 1390 Baume

469 1455 531 1485 zu
575 1440 732 1493 lagern
779 1439 877 1484 und
923 1438 1023 1483 sich
1065 1453 1125 1484 an
1168 1438 1417 1483 derselben
1463 1439 1637 1491 Quelle
1679 1455 1742 1484 zu
1779 1439 2051 1493 erfrischen‚
2089 1456 2120 1484 u
2137 1456 2184 1485 m

469 1536 631 1581 dann
678 1534 782 1580 die
829 1533 1031 1579 Fahrt
1088 1535 1553 1587 iortzusetzen,
1596 1535 1777 1580 welche
1833 1534 2040 1588 Frende,
2102 1535 2185 1580 mit

467 1631 542 1676 ihr
571 1631 650 1676 auf
685 1630 959 1675 demselben
992 1629 1148 1675 Brette
1190 1629 1254 1674 im
1298 1629 1469 1675 Schiffe
1512 1645 1574 1675 zu
1618 1630 1814 1674 ruben.'’
1870 1630 2047 1682 Verba,
2091 1646 2123 1675 u
2137 1645 2184 1675 m

468 1726 629 1771 dann
672 1725 773 1771 die
819 1725 1010 1770 Fahrt
1051 1725 1511 1778 fortzusetzen,
1550 1724 1664 1770 Otto
1696 1726 1756 1770 de
1787 1740 1873 1770 suo
1903 1725 2108 1778 addidit;
2139 1734 2186 1770 et

469 1821 679 1875 profecto
722 1820 759 1866 si
802 1829 980 1865 textum
1021 1820 1242 1864 traditum
1274 1819 1587 1871 defendimus,
1618 1820 1756 1873 plane
1787 1819 2048 1865 necessaria
2078 1829 2186 1865 sunt

469 1932 625 1970 neque
663 1917 759 1962 ullo
800 1916 943 1960 modo
986 1915 1242 1960 desiderari
1287 1924 1494 1968 possunt,
1538 1916 1621 1960 sed
1654 1916 1753 1968 ipse
1786 1914 1900 1961 Otto
1937 1931 2021 1961 sua
2052 1916 2186 1961 inter-

468 2011 727 2064 pretatione
764 2019 989 2056 monstrat
1032 2009 1305 2055 Baehrensii
1346 2011 1703 2063 transpositione
1746 2011 1882 2056 nobis
1918 2025 2038 2063 opus
2069 2025 2186 2063 esse,

470 2121 578 2151 nam
610 2107 711 2151 sine
743 2104 920 2151 Ottone
952 2120 1094 2150 nemo
1126 2106 1241 2150 haec
1274 2105 1320 2150 in
1353 2114 1482 2150 textu
1516 2106 1683 2150 tradito
1715 2107 1847 2159 leget.

472 2304 519 2341 et
555 2296 636 2350 qui
673 2295 884 2341 movistis
921 2295 1017 2340 duo
1049 2294 1253 2347 litora,
1291 2310 1400 2340 cum
1432 2295 1541 2341 ratis
1573 2295 1705 2350 Argo

620 2390 718 2435 dux
748 2398 846 2435 erat
878 2389 1035 2443 ignoto
1067 2389 1206 2434 missa
1237 2390 1456 2434 columba
1486 2391 1617 2435 mari.

471 2484 690 2529 Litora
720 2484 849 2537 mihi,
882 2494 931 2530 ut
964 2485 1019 2529 L.
1052 2484 1290 2529 Muellero
1307 2493 1353 2530 et
1375 2485 1675 2538 Baehrensio,
1707 2501 1802 2531 non
1840 2487 1899 2531 ab
1931 2487 2033 2540 ipso
2049 2496 2187 2540 poeta

473 2579 696 2632 scriptum
724 2594 827 2624 esse
851 2579 1063 2632 videtur;
1094 2595 1154 2625 ex
1182 2595 1323 2625 versu
1348 2582 1660 2634 praecedente
1676 2582 1917 2635 irrepsisse
1933 2582 2186 2636 probabilis

474 2674 632 2728 opinio
664 2674 887 2719 Muelleri
918 2683 1001 2720 est.
1029 2675 1436 2720 Verisimillimum
1455 2684 1525 2721 est
1540 2676 1809 2721 Palmerum
1827 2692 1994 2722 verum
2012 2678 2185 2722 vidisse

474 2768 747 2814 scribendo:
780 2778 827 2814 et
857 2770 938 2823 qui
970 2770 1179 2815 movistis
1210 2771 1306 2815 duo
1336 2768 1582 2829 (montes),
1614 2786 1722 2816 cum
1748 2805 1758 2816 .
1782 2805 1793 2815 .
1817 2805 1828 2816 .
1853 2805 1864 2816 .

474 2864 533 2909 cf.
563 2864 724 2909 Valer.
756 2863 911 2909 Flacc.
943 2864 1005 2908 11.
1037 2863 1149 2909 381:

626 2992 638 3002 .
661 2991 672 3002 .
697 2991 708 3002 .
732 2991 743 3002 .
775 2959 889 3004 dum
921 2974 1026 3012 spes
1057 2958 1172 3003 mihi
1203 2959 1365 3004 sistere
1404 2969 1644 3005 montes

475 3061 521 3098 et
551 3052 637 3098 lv.
669 3051 781 3098 707:
813 3053 940 3098 unde
970 3068 1056 3106 per
1086 3055 1172 3099 hos
1203 3054 1371 3098 iterum
1404 3063 1644 3098 montes
1675 3053 1820 3106 fuga?

477 3241 571 3286 Pro
637 3241 794 3286 ratis
853 3241 1020 3294 Argo
1071 3241 1275 3287 Volscus
1321 3241 1520 3286 coniecit
1565 3242 1745 3286 rudis
1791 3241 2008 3296 Argus,
2054 3244 2183 3296 quod

476 3336 587 3380 olim
633 3335 692 3380 ab
736 3335 954 3380 omnibus
1000 3336 1246 3388 probatum
1293 3351 1419 3381 nunc
1465 3344 1654 3381 auctore
1698 3335 1860 3381 Ellisio
1902 3351 1930 3381 a
1966 3337 2183 3383 Palmero

394 3440 424 3487 ¹)
474 3444 566 3478 Eum
594 3444 822 3478 nortmanu-
847 3440 990 3484 quoque
1015 3444 1191 3484 nequitur.

2042 3514 2087 3551 11
