<?xml version="1.0" encoding="UTF-8"?>
<!DOCTYPE html PUBLIC "-//W3C//DTD XHTML 1.0 Transitional//EN"
    "http://www.w3.org/TR/xhtml1/DTD/xhtml1-transitional.dtd">
<html xmlns="http://www.w3.org/1999/xhtml" xml:lang="en" lang="en">
 <head>
  <title>
</title>
<meta http-equiv="Content-Type" content="text/html;charset=utf-8" />
  <meta name='ocr-system' content='tesseract 3.04.00' />
  <meta name='ocr-capabilities' content='ocr_page ocr_carea ocr_par ocr_line ocrx_word'/>
</head>
<body>
  <div class='ocr_page' id='page_1' title='image "./adpropertiicarmi00enkpuoft_0129.png"; bbox 0 0 2566 3886; ppageno 0'>
   <div class='ocr_carea' id='block_1_1' title="bbox 322 1645 394 1691">
    <p class='ocr_par' dir='ltr' id='par_1_1' title="bbox 322 1645 394 1691">
     <span class='ocr_line' id='line_1_1' title="bbox 322 1645 394 1691; baseline 0 0"><span class='ocrx_word' id='word_1_1' title='bbox 322 1645 394 1691; x_wconf 90' lang='grc'><strong>27.</strong></span> 
     </span>
    </p>
   </div>
   <div class='ocr_carea' id='block_1_2' title="bbox 318 2313 390 2359">
    <p class='ocr_par' dir='ltr' id='par_1_2' title="bbox 318 2313 390 2359">
     <span class='ocr_line' id='line_1_2' title="bbox 318 2313 390 2359; baseline 0 0"><span class='ocrx_word' id='word_1_2' title='bbox 318 2313 390 2359; x_wconf 90' lang='grc'><strong>29.</strong></span> 
     </span>
    </p>
   </div>
   <div class='ocr_carea' id='block_1_3' title="bbox 1125 278 1392 323">
    <p class='ocr_par' dir='ltr' id='par_1_3' title="bbox 1125 278 1392 323">
     <span class='ocr_line' id='line_1_3' title="bbox 1125 278 1392 323; baseline 0.007 -1"><span class='ocrx_word' id='word_1_3' title='bbox 1125 278 1392 323; x_wconf 79' lang='grc'>-113-</span> 
     </span>
    </p>
   </div>
   <div class='ocr_carea' id='block_1_4' title="bbox 468 405 2178 657">
    <p class='ocr_par' dir='ltr' id='par_1_4' title="bbox 468 405 2178 657">
     <span class='ocr_line' id='line_1_4' title="bbox 468 405 2178 462; baseline 0.005 -12"><span class='ocrx_word' id='word_1_4' title='bbox 468 405 568 450; x_wconf 92' lang='lat' dir='ltr'><strong>vis</strong></span> <span class='ocrx_word' id='word_1_5' title='bbox 585 422 615 451; x_wconf 94' lang='lat' dir='ltr'><strong>u</strong></span> <span class='ocrx_word' id='word_1_6' title='bbox 632 421 654 451; x_wconf 94' lang='lat' dir='ltr'><strong>s</strong></span> <span class='ocrx_word' id='word_1_7' title='bbox 700 421 768 451; x_wconf 90' lang='lat' dir='ltr'><strong>su</strong></span> <span class='ocrx_word' id='word_1_8' title='bbox 786 423 847 459; x_wconf 90' lang='lat' dir='ltr'><strong>m,</strong></span> <span class='ocrx_word' id='word_1_9' title='bbox 880 416 930 453; x_wconf 91' lang='lat' dir='ltr'><strong>ut</strong></span> <span class='ocrx_word' id='word_1_10' title='bbox 962 407 1193 461; x_wconf 83' lang='lat' dir='ltr'><strong>Propertii</strong></span> <span class='ocrx_word' id='word_1_11' title='bbox 1225 409 1372 454; x_wconf 92' lang='lat' dir='ltr'><strong>verba</strong></span> <span class='ocrx_word' id='word_1_12' title='bbox 1405 410 1589 462; x_wconf 88' lang='lat' dir='ltr'><strong>poetico</strong></span> <span class='ocrx_word' id='word_1_13' title='bbox 1621 421 1787 457; x_wconf 88' lang='lat' dir='ltr'><strong>ornatu</strong></span> <span class='ocrx_word' id='word_1_14' title='bbox 1818 428 1987 458; x_wconf 81' lang='lat' dir='ltr'><strong>exuam</strong></span> <span class='ocrx_word' id='word_1_15' title='bbox 2005 413 2031 458; x_wconf 68' lang='lat' dir='ltr'>P</span> <span class='ocrx_word' id='word_1_16' title='bbox 2063 414 2178 459; x_wconf 91' lang='lat' dir='ltr'><strong>Non</strong></span> 
     </span>
     <span class='ocr_line' id='line_1_5' title="bbox 468 501 1492 556; baseline 0.004 -10"><span class='ocrx_word' id='word_1_17' title='bbox 468 502 650 554; x_wconf 87' lang='lat' dir='ltr'><strong>opinor.</strong></span> <span class='ocrx_word' id='word_1_18' title='bbox 682 501 844 547; x_wconf 84' lang='lat' dir='ltr'>Scribe</span> <span class='ocrx_word' id='word_1_19' title='bbox 876 503 1012 556; x_wconf 80' lang='lat' dir='ltr'><strong>igitur</strong></span> <span class='ocrx_word' id='word_1_20' title='bbox 1042 519 1150 549; x_wconf 89' lang='lat' dir='ltr'><strong>cum</strong></span> <span class='ocrx_word' id='word_1_21' title='bbox 1185 504 1492 550; x_wconf 88' lang='lat' dir='ltr'><strong>Housmano:</strong></span> 
     </span>
     <span class='ocr_line' id='line_1_6' title="bbox 615 596 1915 657; baseline 0.005 -15"><span class='ocrx_word' id='word_1_22' title='bbox 615 613 704 643; x_wconf 89' lang='lat' dir='ltr'><strong>nec</strong></span> <span class='ocrx_word' id='word_1_23' title='bbox 735 598 814 651; x_wconf 92' lang='lat' dir='ltr'><strong>sic,</strong></span> <span class='ocrx_word' id='word_1_24' title='bbox 846 596 1007 657; x_wconf 89' lang='lat' dir='ltr'><strong>(cum)</strong></span> <span class='ocrx_word' id='word_1_25' title='bbox 1040 599 1323 645; x_wconf 90' lang='lat' dir='ltr'><strong>incolumem</strong></span> <span class='ocrx_word' id='word_1_26' title='bbox 1357 601 1536 646; x_wconf 91' lang='lat' dir='ltr'><strong>Minois</strong></span> <span class='ocrx_word' id='word_1_27' title='bbox 1567 601 1754 647; x_wconf 87' lang='lat' dir='ltr'><strong>Thesea</strong></span> <span class='ocrx_word' id='word_1_28' title='bbox 1784 603 1915 656; x_wconf 92' lang='lat' dir='ltr'><strong>vidit,</strong></span> 
     </span>
    </p>
   </div>
   <div class='ocr_carea' id='block_1_5' title="bbox 733 693 1684 742">
    <p class='ocr_par' dir='ltr' id='par_1_5' title="bbox 733 693 1684 742">
     <span class='ocr_line' id='line_1_7' title="bbox 733 693 1684 742; baseline 0.002 -3"><span class='ocrx_word' id='word_1_29' title='bbox 733 693 1013 739; x_wconf 78' lang='lat' dir='ltr'>Daedalium</span> <span class='ocrx_word' id='word_1_30' title='bbox 1044 694 1141 740; x_wconf 93' lang='lat' dir='ltr'><strong>lino</strong></span> <span class='ocrx_word' id='word_1_31' title='bbox 1173 695 1248 740; x_wconf 89' lang='lat' dir='ltr'><strong>cui</strong></span> <span class='ocrx_word' id='word_1_32' title='bbox 1280 696 1402 741; x_wconf 89' lang='lat' dir='ltr'><strong>duce</strong></span> <span class='ocrx_word' id='word_1_33' title='bbox 1432 697 1553 741; x_wconf 86' lang='lat' dir='ltr'><strong>rexit</strong></span> <span class='ocrx_word' id='word_1_34' title='bbox 1584 697 1684 742; x_wconf 88' lang='lat' dir='ltr'><strong>iter.</strong></span> 
     </span>
    </p>
   </div>
   <div class='ocr_carea' id='block_1_6' title="bbox 455 882 2173 1418">
    <p class='ocr_par' dir='ltr' id='par_1_6' title="bbox 455 882 2173 1418">
     <span class='ocr_line' id='line_1_8' title="bbox 462 882 2173 944; baseline 0.003 -14"><span class='ocrx_word' id='word_1_35' title='bbox 462 885 649 930; x_wconf 91' lang='lat' dir='ltr'><strong>Ottonis</strong></span> <span class='ocrx_word' id='word_1_36' title='bbox 695 884 1100 936; x_wconf 82' lang='lat' dir='ltr'><strong>transpositionem</strong></span> <span class='ocrx_word' id='word_1_37' title='bbox 1144 882 1496 942; x_wconf 90' lang='lat' dir='ltr'><strong>(Versumstell.</strong></span> <span class='ocrx_word' id='word_1_38' title='bbox 1530 886 1551 930; x_wconf 94' lang='lat' dir='ltr'>I</span> <span class='ocrx_word' id='word_1_39' title='bbox 1583 901 1626 939; x_wconf 89' lang='lat' dir='ltr'><strong>p.</strong></span> <span class='ocrx_word' id='word_1_40' title='bbox 1662 884 1757 944; x_wconf 90' lang='lat'><strong>13),</strong></span> <span class='ocrx_word' id='word_1_41' title='bbox 1798 892 1877 941; x_wconf 88' lang='lat' dir='ltr'><strong>qui</strong></span> <span class='ocrx_word' id='word_1_42' title='bbox 1910 904 2018 934; x_wconf 89' lang='lat' dir='ltr'><strong>cum</strong></span> <span class='ocrx_word' id='word_1_43' title='bbox 2051 890 2173 935; x_wconf 90' lang='lat' dir='ltr'><strong>Fon-</strong></span> 
     </span>
     <span class='ocr_line' id='line_1_9' title="bbox 458 978 2172 1035; baseline 0.003 -10"><span class='ocrx_word' id='word_1_44' title='bbox 458 980 602 1025; x_wconf 91' lang='lat' dir='ltr'><strong>teinio</strong></span> <span class='ocrx_word' id='word_1_45' title='bbox 634 994 798 1024; x_wconf 90' lang='lat' dir='ltr'><strong>versus</strong></span> <span class='ocrx_word' id='word_1_46' title='bbox 832 978 956 1033; x_wconf 84' lang='lat' dir='ltr'><strong>13sq.</strong></span> <span class='ocrx_word' id='word_1_47' title='bbox 988 989 1092 1032; x_wconf 92' lang='lat' dir='ltr'><strong>post</strong></span> <span class='ocrx_word' id='word_1_48' title='bbox 1130 979 1185 1024; x_wconf 91' lang='grc'><strong>10</strong></span> <span class='ocrx_word' id='word_1_49' title='bbox 1217 980 1424 1033; x_wconf 92' lang='lat' dir='ltr'><strong>inseruit,</strong></span> <span class='ocrx_word' id='word_1_50' title='bbox 1457 991 1714 1034; x_wconf 90' lang='lat' dir='ltr'><strong>praetereo,</strong></span> <span class='ocrx_word' id='word_1_51' title='bbox 1747 983 1856 1035; x_wconf 90' lang='lat' dir='ltr'><strong>quia</strong></span> <span class='ocrx_word' id='word_1_52' title='bbox 1887 984 1979 1029; x_wconf 89' lang='lat' dir='ltr'><strong>iam</strong></span> <span class='ocrx_word' id='word_1_53' title='bbox 2011 1000 2039 1029; x_wconf 88' lang='lat' dir='ltr'><strong>a</strong></span> <span class='ocrx_word' id='word_1_54' title='bbox 2072 985 2172 1030; x_wconf 91' lang='lat' dir='ltr'><strong>Ris-</strong></span> 
     </span>
     <span class='ocr_line' id='line_1_10' title="bbox 460 1072 2170 1134; baseline 0.003 -14"><span class='ocrx_word' id='word_1_55' title='bbox 460 1075 619 1128; x_wconf 78' lang='lat' dir='ltr'><strong>bergio</strong></span> <span class='ocrx_word' id='word_1_56' title='bbox 649 1073 924 1133; x_wconf 81' lang='lat' dir='ltr'><strong>(Emendat.</strong></span> <span class='ocrx_word' id='word_1_57' title='bbox 956 1083 1002 1119; x_wconf 91' lang='lat' dir='ltr'><strong>et</strong></span> <span class='ocrx_word' id='word_1_58' title='bbox 1033 1075 1198 1127; x_wconf 85' lang='lat' dir='ltr'><strong>explic.</strong></span> <span class='ocrx_word' id='word_1_59' title='bbox 1231 1090 1277 1127; x_wconf 91' lang='lat' dir='ltr'><strong>p.</strong></span> <span class='ocrx_word' id='word_1_60' title='bbox 1309 1072 1393 1134; x_wconf 89' lang='grc'><strong>55)</strong></span> <span class='ocrx_word' id='word_1_61' title='bbox 1430 1077 1626 1122; x_wconf 82' lang='lat' dir='ltr'><strong>refutata</strong></span> <span class='ocrx_word' id='word_1_62' title='bbox 1657 1086 1739 1122; x_wconf 86' lang='lat' dir='ltr'><strong>est.</strong></span> <span class='ocrx_word' id='word_1_63' title='bbox 1769 1078 1921 1131; x_wconf 89' lang='lat' dir='ltr'><strong>Ipsius</strong></span> <span class='ocrx_word' id='word_1_64' title='bbox 1939 1079 2170 1134; x_wconf 82' lang='lat' dir='ltr'><strong>Risbergii</strong></span> 
     </span>
     <span class='ocr_line' id='line_1_11' title="bbox 457 1169 2170 1226; baseline 0.004 -11"><span class='ocrx_word' id='word_1_65' title='bbox 457 1170 773 1215; x_wconf 86' lang='lat' dir='ltr'><strong>coniecturam</strong></span> <span class='ocrx_word' id='word_1_66' title='bbox 810 1185 869 1214; x_wconf 86' lang='lat' dir='ltr'><strong>ex</strong></span> <span class='ocrx_word' id='word_1_67' title='bbox 900 1169 1046 1222; x_wconf 79' lang='lat' dir='ltr'><strong>elegia</strong></span> <span class='ocrx_word' id='word_1_68' title='bbox 1077 1170 1459 1215; x_wconf 89' lang='lat' dir='ltr'><strong>duodevicesima</strong></span> <span class='ocrx_word' id='word_1_69' title='bbox 1493 1171 1607 1216; x_wconf 86' lang='lat'><strong>1-4</strong></span> <span class='ocrx_word' id='word_1_70' title='bbox 1639 1182 1742 1226; x_wconf 85' lang='lat' dir='ltr'><strong>post</strong></span> <span class='ocrx_word' id='word_1_71' title='bbox 1773 1175 1919 1219; x_wconf 88' lang='lat' dir='ltr'><strong>nostri</strong></span> <span class='ocrx_word' id='word_1_72' title='bbox 1951 1176 2170 1221; x_wconf 86' lang='lat' dir='ltr'><strong>carminis</strong></span> 
     </span>
     <span class='ocr_line' id='line_1_12' title="bbox 455 1265 2167 1324; baseline 0.004 -13"><span class='ocrx_word' id='word_1_73' title='bbox 455 1281 645 1311; x_wconf 87' lang='lat' dir='ltr'><strong>versum</strong></span> <span class='ocrx_word' id='word_1_74' title='bbox 689 1265 1125 1310; x_wconf 89' lang='lat' dir='ltr'><strong>duodevicesimum</strong></span> <span class='ocrx_word' id='word_1_75' title='bbox 1170 1266 1385 1318; x_wconf 89' lang='lat' dir='ltr'><strong>ponentis</strong></span> <span class='ocrx_word' id='word_1_76' title='bbox 1429 1282 1524 1312; x_wconf 92' lang='lat' dir='ltr'><strong>non</strong></span> <span class='ocrx_word' id='word_1_77' title='bbox 1569 1268 1718 1320; x_wconf 90' lang='lat' dir='ltr'><strong>probo</strong></span> <span class='ocrx_word' id='word_1_78' title='bbox 1760 1279 2009 1322; x_wconf 90' lang='lat' dir='ltr'><strong>propterea</strong></span> <span class='ocrx_word' id='word_1_79' title='bbox 2039 1274 2167 1324; x_wconf 87' lang='lat' dir='ltr'><strong>quod</strong></span> 
     </span>
     <span class='ocr_line' id='line_1_13' title="bbox 455 1360 2167 1418; baseline 0.004 -12"><span class='ocrx_word' id='word_1_80' title='bbox 455 1376 621 1406; x_wconf 89' lang='lat' dir='ltr'><strong>versus</strong></span> <span class='ocrx_word' id='word_1_81' title='bbox 667 1360 885 1406; x_wconf 80' lang='lat' dir='ltr'><strong>carminis</strong></span> <span class='ocrx_word' id='word_1_82' title='bbox 928 1360 1116 1413; x_wconf 90' lang='lat' dir='ltr'>XVIII,</span> <span class='ocrx_word' id='word_1_83' title='bbox 1161 1361 1240 1406; x_wconf 90' lang='lat' dir='ltr'><strong>ubi</strong></span> <span class='ocrx_word' id='word_1_84' title='bbox 1282 1362 1329 1406; x_wconf 92' lang='lat' dir='ltr'><strong>in</strong></span> <span class='ocrx_word' id='word_1_85' title='bbox 1372 1363 1698 1416; x_wconf 88' lang='lat' dir='ltr'><strong>manuscriptis</strong></span> <span class='ocrx_word' id='word_1_86' title='bbox 1744 1366 1998 1418; x_wconf 88' lang='lat' dir='ltr'><strong>tradantur,</strong></span> <span class='ocrx_word' id='word_1_87' title='bbox 2040 1376 2167 1412; x_wconf 91' lang='lat' dir='ltr'><strong>recte</strong></span> 
     </span>
    </p>
   </div>
   <div class='ocr_carea' id='block_1_7' title="bbox 455 1455 1845 1507">
    <p class='ocr_par' dir='ltr' id='par_1_7' title="bbox 455 1455 1845 1507">
     <span class='ocr_line' id='line_1_14' title="bbox 455 1455 1845 1507; baseline 0.003 -7"><span class='ocrx_word' id='word_1_88' title='bbox 455 1470 505 1501; x_wconf 91' lang='lat' dir='ltr'><strong>se</strong></span> <span class='ocrx_word' id='word_1_89' title='bbox 536 1455 710 1500; x_wconf 88' lang='lat' dir='ltr'><strong>habere</strong></span> <span class='ocrx_word' id='word_1_90' title='bbox 742 1470 927 1507; x_wconf 90' lang='lat' dir='ltr'><strong>censeo,</strong></span> <span class='ocrx_word' id='word_1_91' title='bbox 959 1456 1087 1507; x_wconf 88' lang='lat' dir='ltr'><strong>quod</strong></span> <span class='ocrx_word' id='word_1_92' title='bbox 1120 1456 1238 1500; x_wconf 75' lang='lat' dir='ltr'><strong>infra</strong></span> <span class='ocrx_word' id='word_1_93' title='bbox 1269 1458 1592 1503; x_wconf 90' lang='lat' dir='ltr'><strong>demonstrare</strong></span> <span class='ocrx_word' id='word_1_94' title='bbox 1623 1459 1845 1504; x_wconf 88' lang='lat' dir='ltr'><strong>conabor.</strong></span> 
     </span>
    </p>
   </div>
   <div class='ocr_carea' id='block_1_8' title="bbox 454 1647 2168 2084">
    <p class='ocr_par' dir='ltr' id='par_1_8' title="bbox 454 1647 2168 2084">
     <span class='ocr_line' id='line_1_15' title="bbox 455 1647 1711 1702; baseline 0.002 -11"><span class='ocrx_word' id='word_1_95' title='bbox 455 1647 538 1692; x_wconf 88' lang='lat' dir='ltr'><strong>has</strong></span> <span class='ocrx_word' id='word_1_96' title='bbox 569 1661 694 1699; x_wconf 89' lang='lat' dir='ltr'><strong>pono</strong></span> <span class='ocrx_word' id='word_1_97' title='bbox 725 1656 831 1691; x_wconf 91' lang='lat' dir='ltr'><strong>ante</strong></span> <span class='ocrx_word' id='word_1_98' title='bbox 863 1655 963 1692; x_wconf 88' lang='lat' dir='ltr'><strong>tuas</strong></span> <span class='ocrx_word' id='word_1_99' title='bbox 995 1647 1091 1700; x_wconf 92' lang='lat' dir='ltr'><strong>tibi,</strong></span> <span class='ocrx_word' id='word_1_100' title='bbox 1124 1647 1247 1700; x_wconf 88' lang='lat' dir='ltr'><strong>diva,</strong></span> <span class='ocrx_word' id='word_1_101' title='bbox 1280 1647 1552 1702; x_wconf 86' lang='lat' dir='ltr'><strong>Propertius</strong></span> <span class='ocrx_word' id='word_1_102' title='bbox 1583 1650 1711 1694; x_wconf 85' lang='lat' dir='ltr'><strong>aedis</strong></span> 
     </span>
     <span class='ocr_line' id='line_1_16' title="bbox 573 1742 1528 1796; baseline 0.003 -10"><span class='ocrx_word' id='word_1_103' title='bbox 573 1742 780 1794; x_wconf 85' lang='lat' dir='ltr'><strong>exuvias,</strong></span> <span class='ocrx_word' id='word_1_104' title='bbox 812 1751 907 1787; x_wconf 93' lang='lat' dir='ltr'><strong>tota</strong></span> <span class='ocrx_word' id='word_1_105' title='bbox 938 1752 1075 1788; x_wconf 92' lang='lat' dir='ltr'><strong>nocte</strong></span> <span class='ocrx_word' id='word_1_106' title='bbox 1107 1752 1322 1796; x_wconf 88' lang='lat' dir='ltr'><strong>receptus</strong></span> <span class='ocrx_word' id='word_1_107' title='bbox 1353 1759 1528 1789; x_wconf 88' lang='lat' dir='ltr'><strong>amans.</strong></span> 
     </span>
     <span class='ocr_line' id='line_1_17' title="bbox 454 1837 1808 1894; baseline 0.003 -12"><span class='ocrx_word' id='word_1_108' title='bbox 454 1837 568 1883; x_wconf 90' lang='lat' dir='ltr'><strong>Non</strong></span> <span class='ocrx_word' id='word_1_109' title='bbox 601 1838 631 1882; x_wconf 93' lang='lat' dir='ltr'><strong>d</strong></span> <span class='ocrx_word' id='word_1_110' title='bbox 648 1853 677 1882; x_wconf 96' lang='lat' dir='ltr'><strong>o</strong></span> <span class='ocrx_word' id='word_1_111' title='bbox 693 1853 740 1882; x_wconf 93' lang='lat' dir='ltr'><strong>m</strong></span> <span class='ocrx_word' id='word_1_112' title='bbox 758 1853 788 1882; x_wconf 93' lang='lat' dir='ltr'><strong>u</strong></span> <span class='ocrx_word' id='word_1_113' title='bbox 806 1853 853 1882; x_wconf 90' lang='lat' dir='ltr'><strong>m</strong></span> <span class='ocrx_word' id='word_1_114' title='bbox 886 1838 961 1883; x_wconf 90' lang='lat' dir='ltr'><strong>hic</strong></span> <span class='ocrx_word' id='word_1_115' title='bbox 993 1847 1331 1892; x_wconf 85' lang='lat' dir='ltr'><strong>exspectamus,</strong></span> <span class='ocrx_word' id='word_1_116' title='bbox 1363 1841 1446 1884; x_wconf 91' lang='lat' dir='ltr'><strong>sed</strong></span> <span class='ocrx_word' id='word_1_117' title='bbox 1479 1849 1496 1884; x_wconf 95' lang='lat' dir='ltr'><strong>t</strong></span> <span class='ocrx_word' id='word_1_118' title='bbox 1512 1855 1538 1885; x_wconf 91' lang='lat' dir='ltr'><strong>e</strong></span> <span class='ocrx_word' id='word_1_119' title='bbox 1555 1856 1602 1885; x_wconf 90' lang='lat' dir='ltr'><strong>m</strong></span> <span class='ocrx_word' id='word_1_120' title='bbox 1620 1842 1681 1894; x_wconf 91' lang='lat' dir='ltr'><strong>pl</strong></span> <span class='ocrx_word' id='word_1_121' title='bbox 1699 1858 1729 1886; x_wconf 94' lang='lat' dir='ltr'><strong>u</strong></span> <span class='ocrx_word' id='word_1_122' title='bbox 1747 1857 1808 1886; x_wconf 91' lang='lat' dir='ltr'><strong>m.</strong></span> 
     </span>
     <span class='ocr_line' id='line_1_18' title="bbox 454 1933 2165 1992; baseline 0.005 -15"><span class='ocrx_word' id='word_1_123' title='bbox 454 1933 766 1978; x_wconf 86' lang='lat' dir='ltr'><strong>Baehrensius</strong></span> <span class='ocrx_word' id='word_1_124' title='bbox 826 1933 963 1987; x_wconf 76' lang='lat' dir='ltr'><strong>igitur</strong></span> <span class='ocrx_word' id='word_1_125' title='bbox 1023 1949 1169 1979; x_wconf 90' lang='lat' dir='ltr'><strong>aras</strong></span> <span class='ocrx_word' id='word_1_126' title='bbox 1230 1949 1317 1987; x_wconf 93' lang='lat' dir='ltr'><strong>pro</strong></span> <span class='ocrx_word' id='word_1_127' title='bbox 1377 1936 1538 1981; x_wconf 88' lang='lat' dir='ltr'><strong>aede</strong></span> <span class='ocrx_word' id='word_1_128' title='bbox 1556 1951 1577 1981; x_wconf 91' lang='lat' dir='ltr'><strong>s</strong></span> <span class='ocrx_word' id='word_1_129' title='bbox 1621 1937 1831 1990; x_wconf 87' lang='lat' dir='ltr'><strong>scripsit;</strong></span> <span class='ocrx_word' id='word_1_130' title='bbox 1875 1947 1961 1992; x_wconf 78' lang='lat' dir='ltr'><strong>ego</strong></span> <span class='ocrx_word' id='word_1_131' title='bbox 2008 1940 2165 1985; x_wconf 90' lang='lat' dir='ltr'><strong>malim</strong></span> 
     </span>
     <span class='ocr_line' id='line_1_19' title="bbox 455 2029 2168 2084; baseline 0.004 -11"><span class='ocrx_word' id='word_1_132' title='bbox 455 2029 737 2083; x_wconf 74' lang='lat' dir='ltr'><strong>Postgatium</strong></span> <span class='ocrx_word' id='word_1_133' title='bbox 769 2029 915 2083; x_wconf 87' lang='lat' dir='ltr'><strong>sequi,</strong></span> <span class='ocrx_word' id='word_1_134' title='bbox 947 2030 1027 2083; x_wconf 85' lang='lat' dir='ltr'><strong>qui</strong></span> <span class='ocrx_word' id='word_1_135' title='bbox 1062 2045 1169 2075; x_wconf 91' lang='lat' dir='ltr'><strong>cum</strong></span> <span class='ocrx_word' id='word_1_136' title='bbox 1199 2029 1430 2084; x_wconf 77' lang='lat' dir='ltr'><strong>scaligero</strong></span> <span class='ocrx_word' id='word_1_137' title='bbox 1446 2031 1539 2076; x_wconf 92' lang='lat' dir='ltr'><strong>leni</strong></span> <span class='ocrx_word' id='word_1_138' title='bbox 1556 2033 1847 2078; x_wconf 89' lang='lat' dir='ltr'><strong>correctione</strong></span> <span class='ocrx_word' id='word_1_139' title='bbox 1878 2042 1943 2078; x_wconf 90' lang='lat' dir='ltr'><strong>tu</strong></span> <span class='ocrx_word' id='word_1_140' title='bbox 1959 2049 1987 2079; x_wconf 91' lang='lat' dir='ltr'><strong>a</strong></span> <span class='ocrx_word' id='word_1_141' title='bbox 2002 2050 2049 2078; x_wconf 91' lang='lat' dir='ltr'><strong>m</strong></span> <span class='ocrx_word' id='word_1_142' title='bbox 2068 2068 2079 2078; x_wconf 91' lang='lat'><strong>.</strong></span> <span class='ocrx_word' id='word_1_143' title='bbox 2097 2067 2108 2078; x_wconf 97' lang='lat'><strong>.</strong></span> <span class='ocrx_word' id='word_1_144' title='bbox 2127 2068 2138 2080; x_wconf 87' lang='lat'><strong>.</strong></span> <span class='ocrx_word' id='word_1_145' title='bbox 2157 2068 2168 2079; x_wconf 89' lang='lat'><strong>.</strong></span> 
     </span>
    </p>
   </div>
   <div class='ocr_carea' id='block_1_9' title="bbox 452 2125 917 2170">
    <p class='ocr_par' dir='ltr' id='par_1_9' title="bbox 452 2125 917 2170">
     <span class='ocr_line' id='line_1_20' title="bbox 452 2125 917 2170; baseline 0 -1"><span class='ocrx_word' id='word_1_146' title='bbox 452 2139 479 2169; x_wconf 92' lang='lat' dir='ltr'><strong>a</strong></span> <span class='ocrx_word' id='word_1_147' title='bbox 494 2139 522 2170; x_wconf 95' lang='lat' dir='ltr'><strong>e</strong></span> <span class='ocrx_word' id='word_1_148' title='bbox 539 2125 569 2169; x_wconf 94' lang='lat' dir='ltr'><strong>d</strong></span> <span class='ocrx_word' id='word_1_149' title='bbox 584 2139 611 2169; x_wconf 93' lang='lat' dir='ltr'><strong>e</strong></span> <span class='ocrx_word' id='word_1_150' title='bbox 629 2140 675 2169; x_wconf 90' lang='lat' dir='ltr'><strong>m</strong></span> <span class='ocrx_word' id='word_1_151' title='bbox 707 2125 917 2170; x_wconf 89' lang='lat' dir='ltr'><strong>restituit.</strong></span> 
     </span>
    </p>
   </div>
   <div class='ocr_carea' id='block_1_10' title="bbox 447 2315 2167 3416">
    <p class='ocr_par' dir='ltr' id='par_1_10' title="bbox 449 2315 2167 2657">
     <span class='ocr_line' id='line_1_21' title="bbox 454 2315 2167 2374; baseline 0.005 -15"><span class='ocrx_word' id='word_1_152' title='bbox 454 2315 746 2360; x_wconf 90' lang='lat' dir='ltr'><strong>Rothsteinio</strong></span> <span class='ocrx_word' id='word_1_153' title='bbox 792 2330 887 2360; x_wconf 91' lang='lat' dir='ltr'><strong>non</strong></span> <span class='ocrx_word' id='word_1_154' title='bbox 934 2315 1136 2369; x_wconf 81' lang='lat' dir='ltr'><strong>contigit,</strong></span> <span class='ocrx_word' id='word_1_155' title='bbox 1184 2325 1233 2361; x_wconf 93' lang='lat' dir='ltr'><strong>ut</strong></span> <span class='ocrx_word' id='word_1_156' title='bbox 1279 2317 1527 2362; x_wconf 87' lang='lat' dir='ltr'><strong>lectionem</strong></span> <span class='ocrx_word' id='word_1_157' title='bbox 1576 2319 1804 2372; x_wconf 85' lang='lat' dir='ltr'><strong>traditam,</strong></span> <span class='ocrx_word' id='word_1_158' title='bbox 1837 2335 1957 2374; x_wconf 91' lang='lat' dir='ltr'><strong>quae</strong></span> <span class='ocrx_word' id='word_1_159' title='bbox 1989 2321 2100 2367; x_wconf 90' lang='lat' dir='ltr'><strong>inde</strong></span> <span class='ocrx_word' id='word_1_160' title='bbox 2139 2338 2167 2367; x_wconf 88' lang='lat' dir='ltr'><strong>a</strong></span> 
     </span>
     <span class='ocr_line' id='line_1_22' title="bbox 450 2410 2163 2467; baseline 0.004 -13"><span class='ocrx_word' id='word_1_161' title='bbox 450 2411 621 2455; x_wconf 90' lang='lat' dir='ltr'><strong>renatis</strong></span> <span class='ocrx_word' id='word_1_162' title='bbox 667 2410 829 2455; x_wconf 91' lang='lat' dir='ltr'><strong>litteris</strong></span> <span class='ocrx_word' id='word_1_163' title='bbox 874 2411 1039 2455; x_wconf 91' lang='lat' dir='ltr'><strong>vitiosa</strong></span> <span class='ocrx_word' id='word_1_164' title='bbox 1070 2411 1226 2456; x_wconf 86' lang='lat' dir='ltr'><strong>habita</strong></span> <span class='ocrx_word' id='word_1_165' title='bbox 1256 2421 1337 2467; x_wconf 91' lang='lat' dir='ltr'><strong>est,</strong></span> <span class='ocrx_word' id='word_1_166' title='bbox 1371 2413 1635 2465; x_wconf 90' lang='lat' dir='ltr'><strong>suspicione</strong></span> <span class='ocrx_word' id='word_1_167' title='bbox 1667 2413 1898 2459; x_wconf 88' lang='lat' dir='ltr'><strong>liberaret.</strong></span> <span class='ocrx_word' id='word_1_168' title='bbox 1932 2414 2006 2461; x_wconf 91' lang='lat' dir='ltr'><strong>Sic</strong></span> <span class='ocrx_word' id='word_1_169' title='bbox 2038 2418 2163 2461; x_wconf 90' lang='lat' dir='ltr'><strong>enim</strong></span> 
     </span>
     <span class='ocr_line' id='line_1_23' title="bbox 450 2506 1080 2559; baseline 0.002 -9"><span class='ocrx_word' id='word_1_170' title='bbox 450 2520 558 2550; x_wconf 91' lang='lat' dir='ltr'><strong>cum</strong></span> <span class='ocrx_word' id='word_1_171' title='bbox 591 2506 916 2558; x_wconf 88' lang='lat' dir='ltr'><strong>manuscriptis</strong></span> <span class='ocrx_word' id='word_1_172' title='bbox 947 2506 1080 2559; x_wconf 77' lang='lat' dir='ltr'><strong>legit:</strong></span> 
     </span>
     <span class='ocr_line' id='line_1_24' title="bbox 449 2602 1671 2657; baseline 0.002 -12"><span class='ocrx_word' id='word_1_173' title='bbox 449 2616 575 2646; x_wconf 89' lang='lat' dir='ltr'><strong>nunc</strong></span> <span class='ocrx_word' id='word_1_174' title='bbox 605 2602 665 2645; x_wconf 93' lang='lat' dir='ltr'><strong>ad</strong></span> <span class='ocrx_word' id='word_1_175' title='bbox 695 2610 755 2653; x_wconf 90' lang='lat' dir='ltr'><strong>te,</strong></span> <span class='ocrx_word' id='word_1_176' title='bbox 787 2616 893 2646; x_wconf 91' lang='lat' dir='ltr'><strong>mea</strong></span> <span class='ocrx_word' id='word_1_177' title='bbox 923 2602 1015 2657; x_wconf 83' lang='lat' dir='ltr'><strong>lux,</strong></span> <span class='ocrx_word' id='word_1_178' title='bbox 1048 2602 1207 2647; x_wconf 90' lang='lat' dir='ltr'><strong>veniet</strong></span> <span class='ocrx_word' id='word_1_179' title='bbox 1238 2617 1343 2647; x_wconf 90' lang='lat' dir='ltr'><strong>mea</strong></span> <span class='ocrx_word' id='word_1_180' title='bbox 1373 2603 1507 2648; x_wconf 90' lang='lat' dir='ltr'><strong>litore</strong></span> <span class='ocrx_word' id='word_1_181' title='bbox 1538 2604 1671 2648; x_wconf 88' lang='lat' dir='ltr'><strong>navis</strong></span> 
     </span>
    </p>

    <p class='ocr_par' dir='ltr' id='par_1_11' title="bbox 448 2696 2163 3038">
     <span class='ocr_line' id='line_1_25' title="bbox 582 2696 1642 2743; baseline 0.003 -3"><span class='ocrx_word' id='word_1_182' title='bbox 582 2696 804 2741; x_wconf 80' lang='lat' dir='ltr'><strong>servata?</strong></span> <span class='ocrx_word' id='word_1_183' title='bbox 834 2712 893 2741; x_wconf 92' lang='lat' dir='ltr'><strong>an</strong></span> <span class='ocrx_word' id='word_1_184' title='bbox 926 2697 1092 2742; x_wconf 89' lang='lat' dir='ltr'><strong>mediis</strong></span> <span class='ocrx_word' id='word_1_185' title='bbox 1124 2697 1242 2742; x_wconf 88' lang='lat' dir='ltr'><strong>sidat</strong></span> <span class='ocrx_word' id='word_1_186' title='bbox 1272 2707 1438 2743; x_wconf 89' lang='lat' dir='ltr'><strong>onusta</strong></span> <span class='ocrx_word' id='word_1_187' title='bbox 1468 2698 1642 2743; x_wconf 83' lang='lat' dir='ltr'><strong>vadis?</strong></span> 
     </span>
     <span class='ocr_line' id='line_1_26' title="bbox 450 2790 2163 2848; baseline 0.004 -13"><span class='ocrx_word' id='word_1_188' title='bbox 450 2790 699 2845; x_wconf 86' lang='lat' dir='ltr'><strong>Nusquam</strong></span> <span class='ocrx_word' id='word_1_189' title='bbox 760 2792 886 2837; x_wconf 91' lang='lat' dir='ltr'><strong>enim</strong></span> <span class='ocrx_word' id='word_1_190' title='bbox 944 2793 1069 2844; x_wconf 90' lang='lat' dir='ltr'><strong>apud</strong></span> <span class='ocrx_word' id='word_1_191' title='bbox 1130 2807 1239 2837; x_wconf 91' lang='lat' dir='ltr'><strong>eum</strong></span> <span class='ocrx_word' id='word_1_192' title='bbox 1301 2793 1552 2847; x_wconf 85' lang='lat' dir='ltr'><strong>quicquam</strong></span> <span class='ocrx_word' id='word_1_193' title='bbox 1614 2794 1716 2847; x_wconf 78' lang='lat' dir='ltr'><strong>lego</strong></span> <span class='ocrx_word' id='word_1_194' title='bbox 1777 2796 1904 2848; x_wconf 86' lang='lat' dir='ltr'><strong>quod</strong></span> <span class='ocrx_word' id='word_1_195' title='bbox 1966 2811 1993 2840; x_wconf 91' lang='lat' dir='ltr'><strong>a</strong></span> <span class='ocrx_word' id='word_1_196' title='bbox 2009 2797 2040 2840; x_wconf 92' lang='lat' dir='ltr'><strong>d</strong></span> <span class='ocrx_word' id='word_1_197' title='bbox 2103 2806 2120 2841; x_wconf 89' lang='lat' dir='ltr'><strong>t</strong></span> <span class='ocrx_word' id='word_1_198' title='bbox 2137 2812 2163 2841; x_wconf 91' lang='lat' dir='ltr'><strong>e</strong></span> 
     </span>
     <span class='ocr_line' id='line_1_27' title="bbox 448 2884 2163 2940; baseline 0.003 -11"><span class='ocrx_word' id='word_1_199' title='bbox 448 2885 661 2937; x_wconf 86' lang='lat' dir='ltr'><strong>explicet.</strong></span> <span class='ocrx_word' id='word_1_200' title='bbox 711 2884 804 2930; x_wconf 90' lang='lat' dir='ltr'><strong>Sed</strong></span> <span class='ocrx_word' id='word_1_201' title='bbox 858 2901 943 2931; x_wconf 89' lang='lat' dir='ltr'><strong>cur</strong></span> <span class='ocrx_word' id='word_1_202' title='bbox 997 2887 1260 2940; x_wconf 85' lang='lat' dir='ltr'><strong>spernimus</strong></span> <span class='ocrx_word' id='word_1_203' title='bbox 1316 2888 1703 2940; x_wconf 88' lang='lat' dir='ltr'><strong>simplicissimam</strong></span> <span class='ocrx_word' id='word_1_204' title='bbox 1764 2889 1950 2934; x_wconf 88' lang='lat' dir='ltr'><strong>Heinsii</strong></span> <span class='ocrx_word' id='word_1_205' title='bbox 2007 2906 2163 2935; x_wconf 91' lang='lat' dir='ltr'><strong>emen-</strong></span> 
     </span>
     <span class='ocr_line' id='line_1_28' title="bbox 450 2979 2161 3038; baseline 0.004 -14"><span class='ocrx_word' id='word_1_206' title='bbox 450 2979 700 3031; x_wconf 86' lang='lat' dir='ltr'><strong>dationem,</strong></span> <span class='ocrx_word' id='word_1_207' title='bbox 745 2995 865 3033; x_wconf 89' lang='lat' dir='ltr'><strong>quae</strong></span> <span class='ocrx_word' id='word_1_208' title='bbox 905 2980 1018 3025; x_wconf 91' lang='lat' dir='ltr'><strong>viris</strong></span> <span class='ocrx_word' id='word_1_209' title='bbox 1062 2981 1210 3026; x_wconf 89' lang='lat' dir='ltr'><strong>doctis</strong></span> <span class='ocrx_word' id='word_1_210' title='bbox 1243 2981 1388 3034; x_wconf 86' lang='lat' dir='ltr'><strong>Paley</strong></span> <span class='ocrx_word' id='word_1_211' title='bbox 1419 2991 1465 3026; x_wconf 93' lang='lat' dir='ltr'><strong>et</strong></span> <span class='ocrx_word' id='word_1_212' title='bbox 1496 2982 1709 3036; x_wconf 77' lang='lat' dir='ltr'><strong>Postgate</strong></span> <span class='ocrx_word' id='word_1_213' title='bbox 1741 2999 1930 3038; x_wconf 87' lang='lat' dir='ltr'><strong>quoque</strong></span> <span class='ocrx_word' id='word_1_214' title='bbox 1961 2986 2161 3037; x_wconf 84' lang='lat' dir='ltr'><strong>placuit:</strong></span> 
     </span>
    </p>

    <p class='ocr_par' dir='ltr' id='par_1_12' title="bbox 599 3073 1854 3132">
     <span class='ocr_line' id='line_1_29' title="bbox 599 3073 1854 3132; baseline 0.002 -13"><span class='ocrx_word' id='word_1_215' title='bbox 599 3090 726 3119; x_wconf 91' lang='lat' dir='ltr'><strong>nunc</strong></span> <span class='ocrx_word' id='word_1_216' title='bbox 757 3073 848 3132; x_wconf 86' lang='lat' dir='ltr'><strong>(in)</strong></span> <span class='ocrx_word' id='word_1_217' title='bbox 880 3083 939 3128; x_wconf 90' lang='lat' dir='ltr'><strong>te,</strong></span> <span class='ocrx_word' id='word_1_218' title='bbox 971 3091 1076 3120; x_wconf 90' lang='lat' dir='ltr'><strong>mea</strong></span> <span class='ocrx_word' id='word_1_219' title='bbox 1106 3077 1200 3128; x_wconf 87' lang='lat' dir='ltr'><strong>lux,</strong></span> <span class='ocrx_word' id='word_1_220' title='bbox 1231 3077 1390 3121; x_wconf 86' lang='lat' dir='ltr'><strong>veniat</strong></span> <span class='ocrx_word' id='word_1_221' title='bbox 1421 3092 1526 3121; x_wconf 87' lang='lat' dir='ltr'><strong>mea</strong></span> <span class='ocrx_word' id='word_1_222' title='bbox 1557 3077 1690 3121; x_wconf 88' lang='lat' dir='ltr'><strong>litora</strong></span> <span class='ocrx_word' id='word_1_223' title='bbox 1722 3078 1854 3123; x_wconf 90' lang='lat' dir='ltr'><strong>navis</strong></span> 
     </span>
    </p>

    <p class='ocr_par' dir='ltr' id='par_1_13' title="bbox 703 3170 1711 3222">
     <span class='ocr_line' id='line_1_30' title="bbox 703 3170 1711 3222; baseline 0 -8"><span class='ocrx_word' id='word_1_224' title='bbox 703 3178 898 3222; x_wconf 88' lang='lat' dir='ltr'><strong>servata,</strong></span> <span class='ocrx_word' id='word_1_225' title='bbox 929 3185 988 3214; x_wconf 89' lang='lat' dir='ltr'><strong>an</strong></span> <span class='ocrx_word' id='word_1_226' title='bbox 1021 3170 1187 3215; x_wconf 90' lang='lat' dir='ltr'><strong>mediis</strong></span> <span class='ocrx_word' id='word_1_227' title='bbox 1219 3170 1337 3215; x_wconf 89' lang='lat' dir='ltr'><strong>sidat</strong></span> <span class='ocrx_word' id='word_1_228' title='bbox 1367 3180 1534 3216; x_wconf 90' lang='lat' dir='ltr'><strong>onusta</strong></span> <span class='ocrx_word' id='word_1_229' title='bbox 1564 3171 1711 3215; x_wconf 88' lang='lat' dir='ltr'><strong>vadis.</strong></span> 
     </span>
    </p>

    <p class='ocr_par' dir='ltr' id='par_1_14' title="bbox 447 3264 2160 3416">
     <span class='ocr_line' id='line_1_31' title="bbox 449 3264 2160 3320; baseline 0.003 -12"><span class='ocrx_word' id='word_1_230' title='bbox 449 3264 504 3308; x_wconf 90' lang='lat' dir='ltr'><strong>In</strong></span> <span class='ocrx_word' id='word_1_231' title='bbox 553 3264 831 3316; x_wconf 88' lang='lat' dir='ltr'><strong>explicando</strong></span> <span class='ocrx_word' id='word_1_232' title='bbox 874 3266 1114 3318; x_wconf 90' lang='lat' dir='ltr'><strong>quomodo</strong></span> <span class='ocrx_word' id='word_1_233' title='bbox 1146 3265 1311 3309; x_wconf 90' lang='lat' dir='ltr'><strong>vitium</strong></span> <span class='ocrx_word' id='word_1_234' title='bbox 1343 3274 1499 3310; x_wconf 91' lang='lat' dir='ltr'><strong>ortum</strong></span> <span class='ocrx_word' id='word_1_235' title='bbox 1532 3265 1590 3310; x_wconf 92' lang='lat' dir='ltr'><strong>sit</strong></span> <span class='ocrx_word' id='word_1_236' title='bbox 1619 3265 1856 3310; x_wconf 87' lang='lat' dir='ltr'><strong>adsentior</strong></span> <span class='ocrx_word' id='word_1_237' title='bbox 1888 3266 2062 3320; x_wconf 89' lang='lat' dir='ltr'><strong>Paleyo</strong></span> <span class='ocrx_word' id='word_1_238' title='bbox 2094 3269 2160 3314; x_wconf 90' lang='lat' dir='ltr'><strong>sic</strong></span> 
     </span>
     <span class='ocr_line' id='line_1_32' title="bbox 447 3358 2159 3416; baseline 0.004 -14"><span class='ocrx_word' id='word_1_239' title='bbox 447 3358 693 3403; x_wconf 89' lang='lat' dir='ltr'><strong>scribenti:</strong></span> <span class='ocrx_word' id='word_1_240' title='bbox 757 3359 849 3410; x_wconf 91' lang='lat' dir='ltr'><strong>„in</strong></span> <span class='ocrx_word' id='word_1_241' title='bbox 893 3367 954 3403; x_wconf 93' lang='lat' dir='ltr'><strong>te</strong></span> <span class='ocrx_word' id='word_1_242' title='bbox 999 3375 1096 3404; x_wconf 85' lang='lat' dir='ltr'><strong>was</strong></span> <span class='ocrx_word' id='word_1_243' title='bbox 1141 3360 1318 3405; x_wconf 85' lang='lat' dir='ltr'><strong>altered</strong></span> <span class='ocrx_word' id='word_1_244' title='bbox 1365 3368 1412 3404; x_wconf 92' lang='lat' dir='ltr'><strong>to</strong></span> <span class='ocrx_word' id='word_1_245' title='bbox 1459 3361 1533 3404; x_wconf 88' lang='lat' dir='ltr'><strong>ad</strong></span> <span class='ocrx_word' id='word_1_246' title='bbox 1582 3369 1642 3405; x_wconf 91' lang='lat' dir='ltr'><strong>te</strong></span> <span class='ocrx_word' id='word_1_247' title='bbox 1689 3375 1738 3405; x_wconf 92' lang='lat' dir='ltr'><strong>as</strong></span> <span class='ocrx_word' id='word_1_248' title='bbox 1770 3361 1791 3405; x_wconf 95' lang='lat' dir='ltr'>I</span> <span class='ocrx_word' id='word_1_249' title='bbox 1823 3363 2065 3416; x_wconf 88' lang='lat' dir='ltr'><strong>conceive,</strong></span> <span class='ocrx_word' id='word_1_250' title='bbox 2111 3365 2159 3408; x_wconf 91' lang='lat' dir='ltr'><strong>in</strong></span> 
     </span>
    </p>
   </div>
   <div class='ocr_carea' id='block_1_11' title="bbox 449 3454 2062 3577">
    <p class='ocr_par' dir='ltr' id='par_1_15' title="bbox 449 3454 2062 3577">
     <span class='ocr_line' id='line_1_33' title="bbox 449 3454 1158 3506; baseline 0.001 -9"><span class='ocrx_word' id='word_1_251' title='bbox 449 3467 776 3506; x_wconf 91' lang='lat' dir='ltr'><strong>consequence</strong></span> <span class='ocrx_word' id='word_1_252' title='bbox 807 3454 854 3498; x_wconf 76' lang='lat' dir='ltr'><strong>of</strong></span> <span class='ocrx_word' id='word_1_253' title='bbox 883 3469 915 3498; x_wconf 88' lang='lat' dir='ltr'><strong>v</strong></span> <span class='ocrx_word' id='word_1_254' title='bbox 932 3468 959 3498; x_wconf 93' lang='lat' dir='ltr'><strong>e</strong></span> <span class='ocrx_word' id='word_1_255' title='bbox 975 3470 1006 3498; x_wconf 93' lang='lat' dir='ltr'><strong>n</strong></span> <span class='ocrx_word' id='word_1_256' title='bbox 1023 3454 1038 3498; x_wconf 92' lang='lat' dir='ltr'><strong>i</strong></span> <span class='ocrx_word' id='word_1_257' title='bbox 1054 3469 1082 3498; x_wconf 89' lang='lat' dir='ltr'><strong>a</strong></span> <span class='ocrx_word' id='word_1_258' title='bbox 1098 3455 1158 3498; x_wconf 87' lang='lat' dir='ltr'><strong>t.’&#39;</strong></span> 
     </span>
     <span class='ocr_line' id='line_1_34' title="bbox 2038 3540 2062 3577; baseline 0 0"><span class='ocrx_word' id='word_1_259' title='bbox 2038 3540 2062 3577; x_wconf 93' lang='lat'>8</span> 
     </span>
    </p>
   </div>
  </div>
 </body>
</html>
