2566 3886
381 1962 450 2008 10.

378 2792 446 2838 13.

1187 262 1422 308 -61--

516 393 840 448 excogitavere
890 393 979 439 viri
1026 393 1176 439 docti:
1226 393 1339 439 Ellis
1385 391 1529 452 (JPh.
1577 393 1688 446 XV,
1736 410 1781 448 p.
1830 392 1912 453 12)
1973 394 2228 441 Clusini

515 490 737 542 fontes,
784 490 867 534 sed
911 504 1085 534 nomen
1132 489 1375 543 proprium
1422 490 1498 534 hic
1545 504 1640 535 non
1687 497 2040 542 exspectamus;
2073 490 2229 535 multis

515 584 667 635 placet
713 583 900 628 Heinsii
947 583 1219 629 inventum:
1278 584 1309 628 d
1325 599 1357 629 u
1374 599 1421 628 m
1437 599 1467 629 o
1484 584 1537 629 si
1585 599 1631 628 m
1647 599 1678 628 o
1695 599 1726 629 n
1742 592 1760 629 t
1776 599 1803 629 e
1819 600 1842 630 s
1859 599 1871 637 ;
1918 585 2034 630 mihi
2080 586 2229 631 multo

518 678 685 723 melior
714 678 903 723 videtur
933 678 1152 732 Postgatii
1183 678 1481 724 coniectura:
1514 678 1593 723 mi
1625 695 1656 723 n
1674 695 1705 724 u
1722 680 1752 724 d
1770 679 1798 724 i.
1834 679 2069 734 Equidem
2087 680 2227 726 etiam

515 774 576 818 de
607 775 695 819 hac
726 774 1020 819 correctione
1049 774 1275 828 cogitavi:

664 884 751 922 pro
782 883 878 923 quo
910 868 974 913 mi
1005 868 1113 914 duri
1146 877 1329 914 montes
1359 877 1407 914 et
1437 869 1601 923 {rigida
1631 885 1797 924 rupes3

518 963 669 1008 duri
713 972 972 1009 montes
1018 978 1127 1008 cum
1173 964 1453 1017 frigidis
1484 965 1665 1010 saxis
1702 965 1952 1011 coniuncta
1982 966 2227 1019 leguntur:

517 1058 554 1111 I,
586 1057 658 1111 20,
693 1058 747 1104 13
762 1056 821 1116 3¹)
853 1073 899 1103 m
913 1073 943 1103 o
960 1074 992 1104 n
1009 1067 1027 1103 t
1043 1073 1071 1103 e
1087 1073 1108 1103 s
1139 1067 1186 1103 et
1215 1057 1235 1101 f
1250 1073 1279 1103 ο
1295 1075 1327 1103 ιι
1344 1067 1362 1104 t
1378 1074 1406 1104 e
1422 1074 1444 1104 s
1475 1059 1660 1112 saepius
1677 1060 2045 1113 confunduntur,
2063 1061 2122 1106 cf.
2141 1061 2228 1113 ΙΙΙ,

518 1152 587 1206 19,
618 1153 660 1206 6,
693 1154 774 1199 ubi
806 1153 987 1199 NDV
1018 1155 1176 1208 legunt
1207 1155 1434 1207 fontis,
1468 1155 1509 1200 F
1540 1164 1814 1208 montes,
1845 1165 1893 1201 et
1923 1155 2035 1201 vide
2066 1158 2227 1202 nosad

516 1249 553 1301 1,
585 1248 656 1302 20,
689 1249 759 1294 50.

1088 1473 1343 1521 ELEGIA
1373 1474 1510 1520 XIX.

511 1621 607 1651 non
639 1606 757 1650 adeo
789 1605 957 1650 leviter
987 1613 1146 1650 noster
1176 1620 1295 1657 puer
1326 1604 1474 1650 haesit
1504 1605 1665 1651 ocellis

513 1699 588 1746 Sic
619 1716 727 1746 cum
761 1700 810 1745 N
846 1699 1163 1745 Rothsteinius
1194 1709 1239 1745 et
1264 1700 1723 1754 Phillimoriu831ege
1754 1710 1911 1746 tamen
1929 1716 2038 1747 cum
2055 1702 2103 1747 V
2118 1718 2164 1747 m
2184 1702 2226 1747 2:

514 1795 768 1841 nostris.

510 1962 763 2008 Thessalus
782 1960 824 2020 ²)
854 1962 1092 2015 antiquam
1125 1971 1320 2007 venerat
1351 1962 1519 2007 umbra
1550 1963 1745 2008 domum

512 2066 778 2102 venerat
810 2057 884 2110 N;
923 2057 1224 2102 verberat
1271 2057 1398 2109 DV,
1430 2057 1478 2101 in
1524 2072 1619 2110 qua
1664 2057 1864 2102 lectione
1910 2058 2036 2104 aliud
2083 2060 2228 2105 latere

511 2161 671 2198 censet
704 2152 1030 2198 Baehrensius.
1063 2152 1170 2205 Ipse
1201 2152 1468 2198 dubitanter
1512 2153 1809 2206 pervolat
1855 2153 2039 2206 conicit,
2088 2154 2226 2200 Ross-

511 2248 624 2301 berg
671 2245 859 2306 (Jahrb.
903 2248 975 2293 Kl.
1007 2247 1094 2293 Ph.
1127 2247 1422 2300 Fleckeisen,
1455 2246 1514 2292 29
1544 2263 1589 2300 p.
1622 2245 1707 2305 69)
1738 2256 2027 2294 verterat
2057 2250 2226 2296 collato

513 2342 552 2395 l,
601 2342 670 2395 16,
702 2342 783 2395 28;
830 2358 1052 2396 praesens
1098 2351 1255 2387 tamen
1299 2342 1409 2387 ferri
1468 2357 1564 2387 non
1596 2351 1761 2396 potest.
1795 2342 1895 2396 Ego
1926 2343 2084 2388 malim
2117 2359 2226 2389 cum

511 2436 759 2490 Solbiskyo
789 2435 862 2495 (p.
896 2435 1007 2495 143)
1038 2446 1084 2482 et
1116 2437 1398 2482 Housmano
1428 2435 1574 2495 (JPh.
1605 2437 1743 2490 XXI,
1774 2454 1819 2491 p.
1870 2436 1981 2496 183)
2027 2439 2075 2483 ἰιι
2121 2454 2225 2484 eam

509 2533 733 2578 inclinare
764 2533 1056 2585 sententiam,
1088 2542 1139 2578 ut
1171 2548 1356 2578 merum
1388 2532 1563 2577 librarii
1595 2547 1806 2577 errorem
1838 2532 1886 2577 in
1904 2533 1951 2577 D
1968 2533 2016 2578 V
2033 2533 2225 2579 subesse

510 2629 716 2673 credam.

507 2793 600 2838 illic
646 2794 877 2839 formosae
923 2793 1115 2839 veniant
1158 2795 1330 2839 chorus
1361 2793 1584 2839 heroinae

508 2888 574 2933 sic
591 2887 640 2933 N
655 2902 666 2940 ;
685 2889 807 2934 DV:
839 2904 871 2934 v
885 2904 912 2934 e
925 2905 957 2934 n
971 2889 986 2934 i
999 2897 1070 2941 at,
1102 2889 1288 2941 decepti
1307 2887 1521 2942 sequenti
1538 2888 1687 2933 verbo
1719 2888 1789 2932 ch
1802 2902 1832 2933 o
1845 2903 1870 2933 r
1883 2904 1914 2933 u
1929 2903 1964 2933 s.
1989 2888 2084 2933 Pro
2106 2889 2124 2934 f
2139 2904 2168 2933 0
2181 2904 2222 2933 r-

510 2998 557 3027 m
571 2997 601 3027 o
615 2997 636 3027 s
650 2998 716 3028 ae
746 2998 855 3028 cum
888 2983 1170 3028 Housmano
1201 2981 1344 3041 (JPh.
1376 2982 1515 3034 XXI,
1546 2997 1592 3035 p.
1626 2980 1737 3040 184)
1768 2982 1829 3026 fo
1842 2997 1866 3026 r
1880 2997 1926 3026 m
1943 2997 1972 3027 o
1987 2997 2050 3028 su
2063 2997 2084 3027 s
2116 2983 2223 3028 seri·

509 3077 718 3122 bendum
735 3086 818 3130 est,
835 3093 943 3123 cum
962 3078 1128 3123 Latine
1143 3093 1238 3123 non
1271 3078 1471 3123 dicatur:
1502 3077 1736 3122 formosae
1767 3076 2004 3129 heminae,
2035 3078 2222 3123 chorus.

379 3230 567 3276 18—20.
600 3230 674 3275 En
695 3231 825 3276 locus
848 3230 1157 3284 difficillimus,
1192 3232 1253 3276 de
1290 3246 1386 3284 quo
1406 3230 1537 3275 varie
1553 3230 1789 3283 disputant
1805 3229 1894 3275 viri
1912 3229 2221 3284 Propertiani.

425 3370 453 3416 1)

503 3374 535 3408 εἰ
561 3382 661 3408 recte
687 3375 809 3408 locum
835 3375 1008 3413 correxi;
1030 3375 1076 3409 cf.
1103 3374 1175 3409 Ov.
1203 3373 1298 3408 Met.
1322 3371 1421 3415 xlv,
1448 3374 1528 3409 557.

424 3441 455 3487 ²)
504 3444 713 3479 Thessalia:
740 3444 834 3486 nv,
859 3456 934 3480 non
960 3452 1073 3479 recte.
