2566 3886
1154 259 1392 305 —59—

599 393 700 437 sive
731 391 819 437 sub
851 392 1051 436 incertas
1083 390 1317 443 Zephyris
1349 388 1633 434 motantibus
1664 405 1695 434 u
1709 404 1756 433 m
1771 389 1802 433 b
1818 404 1931 434 ras.

484 488 580 533 Hic
627 502 818 541 quoque
854 488 985 531 locus
1028 501 1123 530 non
1162 493 1296 538 aptus
1328 493 1396 530 est
1433 485 1492 529 ad
1531 499 1667 530 usum
1706 484 1924 529 vocabuli
1971 499 2003 528 u
2020 498 2067 528 m
2086 483 2117 527 b
2133 498 2157 527 r
2172 498 2200 527 a

482 584 831 635 illustrandum;
874 596 1123 635 possumus
1154 581 1280 626 enim
1313 580 1545 625 vocabulo
1587 595 1618 625 u
1632 595 1678 624 m
1694 580 1802 624 bra
1839 594 1977 625 suum
2009 593 2199 624 sensum

482 680 608 731 dare,
656 678 694 723 si
739 686 847 723 ante
893 677 1054 722 oculos
1100 676 1369 728 habeamus,
1414 684 1464 720 ut
1501 675 1650 727 „foliis
1688 683 1735 720 et
1772 674 1939 719 fronde
1976 673 2199 718 arborum

483 773 650 819 leviter
680 772 739 818 ab
771 787 883 817 aura
914 771 1051 817 motis
1082 771 1182 824 ipsa
1212 769 1380 815 umbra
1411 769 1550 814 micet
1581 778 1628 814 et
1659 768 2015 814 contremiscat’'
2036 764 2091 825 ¹).

485 869 600 914 Loci
646 868 783 922 igitur
827 867 886 912 ab
934 866 1228 912 Rothsteinio
1271 865 1395 910 citati
1447 879 1543 910 non
1581 864 1674 916 apti
1712 871 1832 915 sunt,
1870 862 1951 916 qui
1989 870 2201 907 nostrum

483 979 674 1009 versum
727 963 963 1016 explicent
1012 969 1340 1014 tueamurque,
1393 974 1549 1013 neque
1602 967 1759 1003 tamen
1812 972 1920 1003 cum
1968 956 2201 1010 Postgatio

483 1058 677 1111 aliisque
710 1056 973 1110 Koppiersii
1005 1056 1338 1107 coniecturam,
1369 1069 1491 1108 quae
1522 1067 1713 1099 versum
1746 1052 1813 1097 sic
1843 1051 2051 1105 refingit:

602 1169 629 1198 a
658 1153 875 1207 quotiens
920 1167 952 1197 v
969 1167 996 1196 e
1012 1166 1034 1196 s
1050 1160 1067 1196 t
1083 1166 1150 1196 ra
1165 1165 1187 1196 s
1233 1158 1453 1195 resonant
1484 1164 1589 1194 mea
1620 1148 1767 1193 verba
1798 1147 1886 1193 sub
1917 1147 2121 1199 umbras,

719 1246 937 1292 scribitur
967 1254 1013 1291 et
1057 1254 1075 1290 t
1091 1260 1118 1291 e
1134 1261 1165 1290 n
1183 1260 1210 1291 e
1227 1245 1320 1290 ris
1366 1244 1575 1297 Cynthia
1605 1243 1870 1295 corticibus,

485 1343 696 1396 recipere
741 1342 899 1393 velim,
946 1356 1055 1386 cum
1098 1340 1175 1385 alii
1213 1339 1303 1385 loci
1340 1353 1426 1384 nos
1463 1339 1660 1384 credere
1697 1346 1863 1392 cogant
1909 1353 1940 1382 u
1957 1352 2004 1382 m
2022 1336 2053 1381 b
2070 1352 2094 1381 r
2109 1351 2136 1382 a
2153 1352 2200 1381 m

486 1452 572 1491 pro
617 1437 676 1482 fr
691 1452 721 1482 o
737 1452 768 1481 ιι
786 1437 816 1481 d
833 1451 861 1481 e
907 1435 1143 1481 interdum
1176 1434 1388 1480 adhiberi
1407 1449 1418 1478 τ
1442 1456 1446 1460 -

485 1533 544 1577 cf.
567 1532 794 1585 Calpurn.
819 1531 918 1576 Ecl.
936 1530 977 1582 5,
997 1530 1105 1575 101:
1143 1530 1410 1575 tremulas
1446 1543 1542 1574 non
1560 1528 1734 1573 excutit
1750 1527 1944 1572 Africus
1981 1527 2201 1572 umbras

485 1627 628 1680 Verg.
691 1626 790 1671 Ecl.
851 1625 894 1670 9.
955 1625 1039 1671 20:
1283 1625 1389 1678 quis
1449 1625 1647 1669 humum
1709 1622 1983 1668 florentibus
2042 1621 2201 1667 herbis

723 1729 971 1775 spargeret,
1003 1729 1081 1766 aut
1126 1719 1340 1764 viridi
1388 1719 1538 1764 fontes
1569 1718 1813 1763 induceret
1859 1733 1890 1763 u
1907 1733 1954 1762 m
1972 1717 2003 1763 b
2019 1716 2124 1762 ra?

487 1816 579 1862 Sed
638 1832 733 1862 non
786 1817 937 1861 solum
990 1816 1114 1867 folia,
1160 1816 1243 1861 sed
1290 1814 1484 1860 omnino
1530 1813 1865 1867 quidquid
1913 1812 2201 1858 umbram

486 1928 517 1965 p
533 1928 557 1957 r
572 1928 599 1957 a
614 1928 641 1958 e
658 1912 689 1956 b
705 1927 732 1957 e
749 1920 779 1964 t,
817 1936 876 1942 —
906 1911 1037 1963 rami,
1069 1911 1196 1963 ipsae
1227 1910 1419 1954 arbores
1450 1933 1508 1939 —
1539 1923 1659 1953 voce
1684 1908 1852 1953 umbra
1873 1907 2201 1962 significantur.

487 2006 624 2053 Silius
656 2007 755 2052 Ital.
787 2006 829 2051 4.
861 2005 972 2051 681:
1228 2004 1319 2059 agit
1349 2004 1560 2057 undique
1591 2003 1800 2048 flammas

606 2103 844 2155 dispersus
875 2101 988 2155 ripis
1020 2100 1150 2155 ignis,
1183 2100 1448 2154 multosque
1478 2114 1564 2152 per
1595 2113 1742 2143 annos

606 2196 907 2242 nutritas
952 2196 1096 2241 fluvio
1143 2196 1508 2249 populatur
1554 2193 1763 2239 fervidus
1810 2193 2060 2238 umbras

487 2292 592 2337 Val.
611 2291 766 2336 Flacc.
784 2291 826 2335 7.
843 2290 924 2336 553
955 2299 1062 2336 ante
1080 2306 1214 2336 meus
1245 2306 1271 2335 c
1283 2305 1347 2335 ae
1359 2305 1381 2334 s
1393 2305 1420 2334 a
1450 2290 1705 2334 descendet
1722 2288 1964 2334 Caucasus
1996 2288 2201 2334 umbra.

490 2386 537 2431 Si
589 2387 693 2440 quis
745 2386 904 2431 talium
958 2387 1169 2431 locorum
1222 2400 1404 2430 memor
1456 2393 1538 2437 est,
1607 2399 1772 2430 sanum
1826 2399 1929 2430 esse
1975 2385 2203 2430 concedet

488 2497 677 2527 versum
710 2480 765 2526 37
798 2481 903 2526 libri
936 2481 1022 2533 ΙΙΙ,
1057 2480 1135 2525 13:

606 2577 744 2629 pinus
802 2586 848 2621 et
918 2576 1196 2622 incumbens
1263 2577 1278 2621 l
1294 2591 1321 2621 e
1338 2592 1368 2621 n
1385 2585 1403 2620 t
1419 2591 1446 2621 a
1462 2591 1483 2620 s
1544 2575 1863 2621 circumdabat
1923 2592 1954 2621 u
1972 2591 2019 2620 m
2037 2575 2067 2620 b
2084 2591 2108 2620 r
2123 2591 2151 2621 a
2166 2591 2202 2628 s,

488 2687 772 2726 quamquam
823 2671 1148 2724 Baehrensius,
1198 2671 1274 2717 cui
1323 2671 1580 2725 Postgatius
1626 2670 1945 2723 adstipulatur,
1978 2671 2035 2715 le
2053 2685 2084 2715 n
2102 2670 2202 2722 tis,

488 2766 792 2812 Cornelissen
823 2765 956 2825 (Mn.
989 2766 1054 2811 N.
1088 2765 1132 2811 S.
1164 2768 1259 2811 vol.
1275 2766 1373 2811 V11
1390 2781 1435 2819 p.
1461 2763 1573 2823 104)
1604 2766 1635 2810 d
1653 2781 1679 2810 e
1696 2781 1727 2810 n
1745 2780 1767 2810 s
1783 2780 1810 2810 a
1826 2781 1861 2817 s,
1895 2765 2203 2811 Housmanus

489 2859 633 2919 (JPh.
677 2861 813 2914 ΧΧΙ,
859 2878 904 2915 p.
954 2859 1065 2919 191)
1111 2862 1169 2906 la
1185 2877 1211 2906 e
1228 2869 1288 2905 ta
1304 2876 1326 2905 s
1372 2876 1432 2905 ex
1480 2860 1520 2904 F
1567 2860 1741 2905 codicis
1786 2859 1986 2904 lectione
2032 2859 2203 2904 letas

493 2956 810 3002 coniecerunt.

358 3144 430 3189 23.
492 3145 647 3190 Miror
677 3145 903 3197 plurimos
933 3145 1136 3190 editores
1167 3147 1257 3190 hoc
1289 3160 1430 3190 versu
1461 3145 1675 3189 traditam
1708 3144 1986 3188 lectionem:

608 3254 668 3283 an
698 3247 778 3284 tua
822 3239 950 3292 quod
1000 3240 1182 3292 peperit
1212 3239 1347 3283 nobis
1379 3238 1548 3283 iniuria
1580 3253 1715 3283 curas

409 3433 435 3480 ¹)
485 3437 582 3472 Utor
606 3437 730 3473 verbis
755 3432 844 3472 Chr.
871 3435 918 3470 G.
944 3436 1084 3478 Heynii
1109 3437 1153 3470 nd
1179 3435 1314 3470 Tibull.
1340 3436 1377 3477 u,
1403 3435 1436 3476 5,
1462 3435 1519 3469 96.
