2566 3886
1136 260 1400 306 -345—

476 393 692 439 videmus
738 408 879 447 quam
923 392 1034 445 DV,
1076 392 1113 437 si
1156 406 1266 436 cum
1310 389 1435 435 Italis
1487 396 1698 434 vastas
1744 387 2005 433 scribimus.
2050 388 2188 440 Quae

475 488 743 534 coniectura
788 487 1089 532 confirmatur
1133 492 1402 538 comparato
1448 484 1589 536 Prop.
1627 483 1689 527 ΙΙ.
1735 481 1804 527 19.
1847 481 1929 527 21:
1978 491 2188 528 vastos

476 583 698 635 leones,
730 582 810 627 ubi
843 580 1123 626 Rothsteinii
1154 578 1441 625 conferenda
1470 586 1540 623 est
1570 577 1821 622 adnotatio.

341 777 412 823 42.
472 778 680 823 Versum
726 776 798 830 42,
829 791 925 831 quo
955 776 1060 821 loco
1090 775 1279 828 legatur,
1311 773 1653 826 ineptissimum
1685 787 1789 818 esse
1820 772 1901 817 vix
1932 772 2181 826 quisquam

474 881 643 926 negare
688 879 852 925 potest.
900 870 1029 915 Infra
1073 878 1228 914 autem
1275 882 1441 913 versus
1472 866 1544 912 65.
1575 867 1634 912 66
1665 868 1770 912 loco
1802 875 1953 912 motos
1984 882 2103 919 esse,
2135 867 2185 913 id

473 967 601 1021 quod
646 966 852 1012 Jacobus
912 965 1030 1009 vidit
1074 961 1269 1022 (Philol.
1317 963 1379 1015 11,
1426 977 1473 1015 p.
1520 959 1648 1019 452),
1697 961 1854 1006 multis
1900 962 2186 1016 argumentis

476 1063 798 1107 demonstrare
832 1074 1093 1114 possumus.
1128 1057 1470 1111 Hertzbergius
1501 1065 1547 1102 et
1577 1055 1793 1109 Voigtius
1825 1071 1991 1101 versus
2022 1055 2094 1101 65.
2126 1056 2185 1102 66

474 1156 602 1210 loqui
648 1156 708 1201 de
746 1154 997 1205 laboribuS,
1035 1153 1206 1207 quibus
1239 1152 1475 1197 Hercules
1506 1151 1645 1196 fontis
1676 1151 1855 1195 aditum
1889 1151 2187 1204 quaesiverit,

473 1259 691 1304 censent;
723 1251 807 1296 sed
838 1258 965 1295 recte
980 1248 1200 1294 observat
1216 1247 1331 1292 Otto
1347 1244 1558 1305 (Bphw,
1577 1245 1691 1291 1885
1708 1261 1752 1299 p.
1771 1243 1885 1303 484)
1900 1246 1966 1290 sic
1983 1246 2188 1299 perlecta

475 1346 688 1400 accepit
734 1354 781 1390 et
829 1343 1007 1398 patuit
1052 1342 1326 1396 exspectari,
1358 1341 1583 1395 inquit
1612 1356 1718 1386 sero
1743 1340 1922 1392 venire,
1954 1341 2186 1394 angulus

474 1441 639 1486 mundi
684 1439 897 1485 adhiberi
942 1453 1038 1483 non
1084 1452 1221 1491 posse
1268 1437 1328 1481 de
1374 1437 1515 1481 fonte.
1561 1435 1670 1480 Hae
1701 1435 1990 1480 difficultates
2022 1450 2187 1480 omnes

473 1543 791 1586 removentur,
823 1533 861 1578 si
891 1548 1000 1578 cum
1034 1531 1206 1576 Iacobo
1237 1539 1341 1584 post
1372 1530 1429 1575 42
1460 1539 1829 1583 transponuntur
1845 1544 2011 1574 versus
2026 1529 2098 1574 65.
2113 1528 2185 1574 66.

474 1630 730 1682 Quomodo
775 1629 941 1674 vitium
988 1628 1240 1681 irrepserit,
1282 1626 1396 1672 Otto
1427 1626 1494 1671 sic
1525 1626 1740 1679 exponit:
1774 1626 1906 1678 „Der
1936 1625 2187 1671 Schreiber

474 1740 573 1771 war
620 1740 716 1770 von
759 1725 869 1769 dem
906 1724 985 1769 aui
1014 1739 1060 1768 v.
1091 1723 1147 1768 41
1181 1723 1444 1776 folgenden,
1476 1737 1565 1767 uns
1594 1722 1672 1766 fiir
1702 1722 1872 1766 immer
1902 1722 2184 1766 verlorenen

475 1820 773 1865 Pentameter
803 1819 889 1864 auf
901 1819 994 1863 den
1015 1818 1313 1863 Pentameter
1329 1817 1412 1862 des
1427 1817 1678 1870 folgenden
1696 1816 1967 1861 Distichons
1984 1816 2186 1869 abgeirrt

474 1915 572 1960 und
603 1915 729 1959 hatte
759 1914 835 1959 ein
868 1913 1115 1959 Distichon
1138 1912 1418 1957 iibersehen.
1441 1911 1606 1966 spater
1626 1912 1792 1957 wurde
1808 1912 1894 1957 der
1909 1911 2091 1957 Auslall
2108 1911 2185 1956 be-

474 2010 628 2054 merkt
650 2009 747 2053 und
771 2024 868 2053 nun
891 2008 968 2053 ein
990 2009 1138 2052 volles
1161 2007 1422 2059 Distichon,
1446 2007 1704 2052 bestehend
1722 2021 1805 2051 aus
1820 2022 1866 2051 v.
1883 2005 1941 2051 65
1957 2007 2055 2051 und
2073 2006 2183 2051 dem

473 2105 596 2149 noch
627 2103 798 2148 einmal
829 2102 1196 2157 geschriebenen
1228 2117 1275 2147 v.
1307 2101 1378 2154 42,
1396 2116 1471 2146 am
1491 2101 1658 2146 Rande
1674 2102 2027 2155 nachgetragen,
2044 2100 2182 2146 dabei

473 2199 587 2245 aber
616 2199 795 2244 wieder
824 2198 1104 2250 iibersehen‚
1137 2198 1243 2242 dass
1274 2197 1360 2242 der
1390 2197 1475 2242 auf
1499 2213 1544 2242 v.
1577 2197 1631 2242 41
1650 2197 1868 2250 folgende
1884 2197 2184 2242 Pentameter

473 2294 597 2338 noch
628 2293 798 2338 immer
827 2293 967 2338 fehle.
1000 2292 1084 2337 Bei
1116 2301 1337 2337 erneuter
1367 2292 1611 2337 Abschrist
1641 2292 1786 2345 geriet
1815 2292 1991 2336 zuletzt
2006 2292 2090 2337 das
2105 2306 2182 2336 am

475 2388 642 2434 Raude
658 2389 884 2433 stehende
900 2388 1147 2434 Distichon
1161 2403 1220 2433 an
1232 2389 1341 2432 dem
1356 2388 1545 2441 Antang
1556 2388 1642 2432 der
1651 2387 1785 2433 Rede
1803 2388 1887 2432 des
1896 2387 2182 2432 Herkules”.

472 2483 567 2529 Pro
598 2498 739 2528 versu
782 2482 840 2527 42
872 2483 1066 2528 lacunae
1098 2482 1227 2536 signa
1257 2483 1478 2535 ponenda
1508 2491 1629 2528 sunt.
1677 2482 1760 2535 Ut,
1792 2482 1907 2536 quid
1939 2482 2038 2527 fere
2068 2482 2180 2528 olim

471 2579 596 2632 apud
625 2578 921 2631 Propertium
938 2578 1169 2632 legeretur
1184 2578 1440 2632 intelligere
1457 2593 1715 2631 possemus,
1732 2577 1962 2622 Francius
1978 2577 2181 2630 exempli

472 2673 639 2726 gratia:
682 2687 913 2726 oraque
956 2673 1279 2726 tergemini
1322 2673 1698 2718 conticuisse
1740 2673 1929 2725 canis,

473 2767 691 2812 Iacobus:
724 2766 957 2812 Oceani
987 2767 1257 2812 tumidas
1288 2783 1399 2813 nec
1429 2768 1712 2813 timuisse
1734 2767 1906 2812 minas
1933 2765 2180 2820 supplevit.

472 2861 695 2907 Mirabile
725 2862 852 2907 dictu
868 2877 1033 2907 omnes
1049 2862 1139 2907 viri
1156 2863 1281 2907 docti
1299 2863 1585 2908 recentiores
1603 2863 1835 2917 Postgatio
1852 2871 1898 2907 et
1916 2861 2181 2906 Hartmano

472 2957 679 3009 exceptis
710 2956 1014 3002 certissimam
1047 2957 1205 3001 Iacobi
1237 2957 1643 3009 transpositionem
1675 2964 1970 3010 spreverunt.

340 3156 411 3202 46.
473 3189 588 3202 ........
592 3157 774 3210 Lybico
804 3157 903 3202 sole
934 3165 1122 3210 perusta
1151 3172 1287 3202 coma

474 3251 569 3296 Pro
599 3266 625 3296 c
641 3266 671 3296 o
687 3267 734 3295 m
751 3266 779 3295 a
809 3251 1086 3296 Fonteinius
1117 3267 1143 3296 c
1160 3268 1191 3297 u
1207 3252 1308 3304 tis,
1341 3252 1653 3297 Baehrensius
1684 3261 1712 3305 g
1727 3267 1754 3297 e
1771 3268 1802 3296 n
1819 3267 1846 3297 a
1876 3252 2089 3297 coniecit.

474 3346 555 3390 Ad
586 3346 817 3399 vulgatam
850 3347 1194 3391 defendendam
1227 3347 1369 3392 citant
1399 3347 1677 3400 interpretes
1707 3346 1814 3391 Tib.
1848 3346 1884 3391 1.
1916 3345 1959 3391 9.
1993 3345 2074 3391 15:

590 3448 752 3485 uretur
782 3441 936 3494 facies,
968 3449 1165 3486 urentur
1195 3441 1292 3486 sole
1324 3441 1491 3494 capilli.
