2566 3886
1116 261 1382 308 ..190-

463 394 529 439 sic
576 408 767 438 versum
814 393 1009 447 legimus
1041 393 1089 437 in
1122 392 1194 446 03
1227 402 1331 446 post
1372 393 1657 438 mansisti
1703 393 1931 439 Heinsius
1962 402 2089 439 recte
2120 403 2178 439 et

463 489 684 541 inseruit;
717 497 961 542 praeterea
991 489 1087 533 duo
1118 488 1195 533 illa
1226 489 1469 542 participia
1500 489 1680 543 frigent.

466 584 653 630 Collato
685 583 780 629 Ov.
813 584 920 629 Met
952 584 989 636 I,
1021 583 1134 628 632:
1166 580 1299 641 (Io):

581 679 831 724 frondibus
863 678 1069 724 arbuteis
1100 687 1147 724 et
1176 694 1334 723 amara
1364 679 1568 731 pascitur
1598 679 1746 724 herba

463 784 510 819 et
540 775 653 819 Am.
687 774 774 826 111,
807 773 849 825 5,
884 772 939 818 18
970 774 1031 818 de
1062 789 1229 818 vacca:

584 870 698 914 dum
747 869 866 914 iacet
911 877 958 913 et
1006 869 1131 913 lente
1162 877 1405 914 revocatas
1437 869 1642 914 ruminat
1671 869 1854 921 herbas,

702 973 843 1018 atque
875 964 1046 1009 iterum
1078 972 1211 1017 pasto
1242 964 1448 1017 pascitur
1477 972 1585 1008 ante
1616 963 1719 1008 cibo

465 1060 784 1114 pulcherrime
815 1059 1017 1105 coniecit
1047 1059 1236 1104 Palmer
1266 1056 1436 1117 (praef.
1467 1056 1707 1116 XXV11):

580 1155 798 1200 mandisti
830 1152 929 1212 (et)
960 1154 1149 1199 stabulis
1180 1154 1346 1199 arbuta
1375 1163 1505 1206 pasta
1535 1154 1639 1199 tuis.

463 1251 600 1302 Quae
647 1265 755 1303 pars
801 1250 975 1303 elegiae
1021 1264 1148 1294 nunc
1195 1249 1405 1302 sequitur
1454 1246 1592 1306 (inde
1637 1264 1665 1293 a
1710 1263 1853 1294 versu
1898 1246 1997 1307 21),
2043 1250 2179 1295 nobis

463 1345 781 1390 difficultatem
814 1345 950 1389 offert
981 1345 1271 1396 solvendam,
1303 1344 1363 1388 de
1395 1359 1488 1397 qua
1518 1345 1730 1389 nondum
1762 1344 2060 1390 consentiunt
2089 1345 2179 1390 viri

463 1441 602 1486 docti.
635 1439 859 1493 Namque
891 1439 1164 1491 nuperrime
1195 1439 1270 1483 vir
1301 1439 1466 1484 doctus
1498 1439 1590 1484 Ites
1621 1437 1725 1497 (De
1762 1440 1977 1493 Properti
2020 1441 2178 1495 elegiis

460 1536 582 1580 inter
612 1550 662 1580 se
695 1534 887 1579 conexis
917 1549 962 1587 p.
994 1532 1074 1589 50)
1106 1534 1428 1579 demonstrare
1459 1543 1652 1579 conatus
1675 1543 1744 1579 est
1759 1543 1965 1580 nostram
1982 1536 2175 1589 elegiam

460 1630 509 1675 in
541 1631 657 1674 duas
688 1644 791 1674 esse
823 1628 1187 1672 divendendam.
1221 1628 1267 1672 Is
1297 1637 1453 1673 autem
1485 1629 1645 1673 scribit
1676 1630 1817 1674 haec:
1851 1630 2041 1683 „Unam
2073 1646 2176 1677 esse

459 1724 781 1771 Rothsteinius
812 1723 1066 1775 contendit,
1097 1723 1160 1768 ita
1190 1732 1241 1768 ut
1270 1724 1318 1768 in
1351 1739 1492 1769 versu
1515 1723 1570 1768 21
1589 1733 1775 1777 poetam
1791 1740 1887 1770 non
1905 1725 2176 1779 Cynthiam,

459 1822 543 1866 sed
575 1820 712 1865 aliam
743 1820 947 1873 puellam
973 1819 1146 1873 alloqui
1163 1827 1306 1872 ponat
1322 1827 1368 1864 et
1384 1834 1476 1864 vss.
1494 1819 1574 1873 qui
1591 1820 1874 1865 antecedunt
1889 1820 1938 1865 in
1955 1821 2176 1867 convivio

460 1931 562 1962 esse
579 1916 736 1961 factos.
754 1915 991 1959 Miramur
1003 1923 1174 1965 autem,
1188 1915 1316 1967 quod
1331 1929 1391 1958 ne
1404 1914 1554 1959 verbo
1567 1914 1760 1967 quidem
1774 1914 1888 1960 illud
1902 1915 2175 1961 convivium

460 2019 857 2057 commemoratur
887 2010 1048 2064 viginti
1080 2010 1169 2054 illis
1201 2025 1293 2054 vss.
1327 2009 1477 2055 Porro
1508 2010 1597 2055 alia
1627 2011 1783 2064 puella
1812 2020 2057 2063 praesente
2078 2027 2175 2058 non

457 2107 520 2151 ita
550 2106 684 2160 queri
702 2114 854 2158 potest
869 2114 1006 2157 poeta
1022 2106 1150 2158 quod
1167 2105 1377 2158 Cynthia
1392 2105 1435 2150 ei
1452 2105 1571 2150 desit
1586 2121 1675 2150 nec
1692 2107 1904 2151 concedo
1922 2106 2175 2152 Rotheinio

458 2202 566 2246 talia
610 2210 709 2246 arte
756 2209 921 2253 poetae
969 2200 1195 2245 excusari.
1243 2199 1457 2244 Tertium
1490 2201 1778 2252 postulamus
1815 2201 1941 2246 illam
1972 2202 2174 2254 puellam

458 2297 717 2342 accuratius
763 2295 1032 2349 significari3
1079 2310 1188 2340 nam
1235 2296 1363 2349 quod
1411 2295 1592 2340 Rothst.
1639 2295 1751 2340 dicit
1793 2297 1852 2340 ad
1895 2311 1941 2340 v.
1973 2296 2045 2348 21,
2077 2311 2174 2342 uno

458 2392 607 2437 verbo
652 2391 868 2445 placandi
915 2406 1011 2435 non
1050 2391 1233 2435 dicitur.
1266 2391 1377 2436 Duo
1409 2399 1571 2435 contra
1601 2391 1691 2435 loci
1723 2390 1979 2443 Cynthiam
2011 2400 2174 2437 notare

458 2487 573 2531 mihi
621 2486 844 2531 videntur
890 2501 959 2530 vs.
1007 2485 1091 2530 38:
1141 2495 1216 2538 „et
1262 2501 1367 2530 mea
1413 2486 1615 2531 deducta
1645 2486 1853 2531 carmina
1882 2501 2001 2531 voce
2032 2487 2173 2540 legis”

460 2590 653 2635 propter
684 2581 892 2626 carmina
923 2589 970 2626 et
1001 2581 1096 2625 duo
1128 2581 1291 2625 ultima
1321 2581 1531 2633 disticha,
1562 2596 1683 2634 quae
1715 2581 1881 2626 decem
1897 2580 1998 2626 illas
2013 2590 2174 2627 noctes

459 2685 670 2730 spectant
700 2677 870 2731 quibus
903 2676 1112 2729 Cynthia
1142 2677 1240 2720 sola
1270 2691 1320 2720 se
1350 2676 1562 2728 recipere
1594 2675 1888 2729 cogebatur.'’

459 2771 709 2817 Assentior
755 2772 896 2817 Itesio
934 2786 1100 2816 versus
1131 2770 1186 2815 21
1219 2786 1369 2824 usque
1399 2772 1459 2815 ad
1490 2770 1633 2815 finem
1665 2770 1883 2815 carminis
1915 2770 2170 2823 Cynthiam

457 2867 645 2920 alloqui,
678 2882 834 2920 neque
866 2875 1023 2911 tamen
1056 2866 1359 2910 dividendam
1392 2880 1494 2910 esse
1526 2865 1719 2919 elegiam
1751 2880 1936 2910 censeo.

456 2963 639 3007 Versus
671 2962 797 3007 enim
829 2962 884 3006 21
922 2977 1017 3007 non
1045 2962 1182 3006 facile
1210 2977 1297 3015 pro
1314 2961 1426 3006 novi
1443 2961 1662 3006 carminis
1678 2960 1810 3006 initio
1826 2961 1988 3006 haberi
2005 2969 2169 3014 potest.

457 3056 632 3110 Neque
648 3065 804 3101 tamen
822 3058 967 3101 credo
984 3057 1306 3102 difficillimum
1323 3058 1414 3101 hoc
1429 3071 1620 3101 carmen
1632 3064 1759 3100 recte
1770 3055 1992 3108 explicari
2003 3055 2168 3100 solere.

457 3151 588 3196 Ante
621 3152 779 3196 omnia
810 3152 924 3197 mihi
956 3161 1171 3197 constare
1201 3153 1389 3197 videtur
1409 3160 1595 3205 poetam
1612 3151 1787 3204 fingere
1804 3149 2059 3203 Cynthiam
2075 3164 2170 3195 una

459 3261 620 3291 secum
653 3247 701 3291 in
733 3247 957 3292 convivio
975 3247 1281 3292 accubantem
1307 3244 1390 3304 (cf.
1408 3261 1477 3291 vs.
1494 3245 1565 3298 25,
1582 3242 1688 3303 35);
1706 3244 1802 3289 noli
1818 3253 1973 3289 tamen
1990 3253 2167 3296 putare,

457 3341 505 3385 id
537 3342 665 3394 quod
697 3341 887 3386 volebat
919 3341 1034 3386 Otto
1065 3339 1418 3398 (Versumstell.
1451 3341 1487 3393 Ι,
1519 3356 1564 3393 p.
1583 3338 1679 3397 17),
1697 3338 1952 3391 Cynthiam
1970 3339 2167 3383 solutam

456 3450 583 3480 nunc
616 3450 719 3480 esse
751 3436 888 3481 Isidis
919 3436 1143 3489 religione
1174 3435 1478 3489 negotiisque,
1509 3436 1566 3480 cf.
1597 3450 1667 3480 vs.
1702 3433 1741 3478 1.
1772 3432 1823 3485 2;
1855 3432 1927 3478 41.
1942 3433 2167 3478 Attamen
