2566 3886
1121 239 1387 286 —314-

333 369 404 415 29.
422 368 479 415 30
511 378 556 415 et
587 384 671 415 sua
700 368 903 422 Tarpeia
934 370 1145 416 residens
1176 370 1239 416 ita
1269 371 1398 416 flevit
1429 371 1488 416 ab
1519 385 1626 416 arce

332 1311 403 1356 34.

335 1775 406 1821 37.

336 2050 407 2096 40.

335 2517 407 2561 47.

588 465 800 517 vulnera,
831 465 989 510 vicino
1020 480 1116 511 non
1148 466 1366 519 patienda
1398 466 1514 511 Iovi.

465 559 777 605 Baehrensius
793 574 821 604 a
836 559 1036 605 lectione
1069 560 1139 606 O:
1172 576 1198 606 c
1214 576 1243 606 0
1260 576 1307 605 m
1324 577 1356 614 p
1372 576 1399 606 a
1414 570 1431 605 t
1448 561 1503 606 ie
1520 577 1550 606 n
1565 562 1595 606 d
1613 576 1640 606 a
1670 561 1907 614 profectus
1939 578 1965 607 c
1982 577 2011 608 o
2027 578 2074 607 m
2091 578 2123 616 p
2139 579 2181 608 e·

468 670 491 699 r
508 655 521 699 i
539 671 566 700 e
583 671 614 699 n
632 656 704 700 da
749 655 968 709 coniecit;
1015 657 1098 701 sed
1131 657 1278 702 multo
1310 657 1556 702 nervosior
1587 666 1656 702 est
1687 657 1825 703 lectio
1857 657 2181 710 Neapolitani:

468 767 497 795 n
516 766 587 795 on
626 766 657 803 p
674 751 810 795 atie
827 767 858 795 n
875 752 906 796 d
924 766 963 803 a,
1003 767 1144 805 quam
1176 759 1303 796 recte
1335 752 1535 804 explicat
1567 752 1795 805 Paleyus:
1829 753 2055 805 „vulnera
2086 768 2182 798 non

467 846 699 899 patienda,
732 847 810 891 the
842 847 1041 891 wounds
1072 847 1127 892 of
1151 847 1273 899 love,
1304 847 1476 899 which,
1508 862 1557 892 as
1588 849 1700 900 they
1731 863 1859 893 were
1890 847 2103 893 destined
2135 856 2183 893 to

467 958 607 988 cause
653 943 732 987 the
780 942 988 995 betrayal
1019 942 1066 987 of
1096 943 1175 988 the
1206 943 1311 988 Arx
1342 952 1390 988 to
1421 944 1501 988 the
1532 942 1740 996 Sabines,
1772 958 1900 988 were
1931 951 2013 988 not
2043 951 2091 988 to
2122 943 2182 988 be

466 1038 706 1089 tolerated,
739 1040 799 1081 οὐ
830 1039 1102 1095 συγγνωστά
1133 1037 1197 1090 by
1228 1038 1306 1082 the
1338 1038 1427 1090 god
1460 1037 1508 1082 of
1538 1038 1616 1082 the
1648 1037 1988 1091 neighbouring
2011 1037 2183 1092 height,

466 1133 717 1186 especially
747 1133 795 1177 in
827 1148 854 1177 a
884 1132 1091 1178 Vestal'’.

466 1312 580 1356 dum
612 1311 797 1364 captiva
827 1311 920 1356 mei
951 1311 1199 1364 conspicer
1229 1326 1332 1356 esse
1363 1310 1482 1357 Tati.

467 1407 561 1452 Pro
607 1422 747 1452 esse
793 1407 955 1461 utique
1001 1407 1321 1460 recipiendam
1354 1423 1526 1453 censeo
1569 1407 1803 1452 Gronovii
1835 1407 2183 1453 coniecturam:

467 1518 587 1547 ora.
635 1501 995 1554 Conspicer
1041 1502 1225 1554 passive
1272 1503 1449 1547 dictum
1466 1500 1508 1560 ¹)
1539 1503 1807 1547 Varronem
1840 1511 1886 1547 et
1917 1502 2183 1548 Sallustium

467 1598 617 1649 decet,
633 1598 814 1642 redolet
826 1597 952 1642 enim
965 1597 1301 1651 antiquitatem,
1314 1599 1440 1651 apud
1454 1598 1753 1650 Propertium
1765 1613 1861 1642 non
1875 1606 2184 1650 exspectatur.

470 1775 564 1821 Pro
595 1791 619 1820 r
632 1792 659 1821 e
670 1790 702 1828 p
715 1791 744 1821 o
757 1792 787 1820 n
802 1791 829 1821 e
843 1784 860 1820 t
890 1791 999 1820 cum
1021 1776 1185 1821 Dousa
1207 1784 1338 1828 patre
1360 1776 1552 1821 restituo
1583 1792 1608 1821 r
1620 1791 1647 1821 e
1658 1792 1690 1830 p
1703 1791 1732 1821 ο
1746 1792 1770 1821 r
1782 1785 1799 1821 t
1812 1792 1839 1822 e
1853 1785 1883 1829 t,
1915 1777 2044 1830 quod
2065 1785 2112 1822 et
2136 1776 2185 1821 in

468 1871 710 1917 codicibus
742 1872 987 1917 Passeratii
1019 1872 1271 1926 legebatur,
1287 1872 1346 1917 cf.
1365 1873 1715 1918 Broukhusium
1746 1873 1805 1917 ad
1823 1874 1949 1918 hunc
1979 1888 2184 1918 versum.

470 2051 763 2104 candidaque
796 2050 843 2095 in
876 2066 1042 2096 saevos
1074 2051 1264 2105 inguina
1294 2040 1433 2096 versa
1463 2052 1604 2096 canis.

471 2146 598 2192 Cum
631 2147 886 2192 saevire
918 2148 1181 2200 praecedat,
1216 2147 1444 2192 Heinsius
1472 2147 1600 2192 malit
1631 2147 1821 2192 foedos
1851 2162 1938 2200 pro
1969 2161 2185 2199 saevos3

468 2242 660 2287 tortasse
706 2251 849 2294 recte,
896 2243 979 2286 sed
1012 2242 1196 2295 saepius
1228 2242 1501 2295 Propertius
1533 2243 1699 2287 eadem
1732 2242 1879 2287 verba
1913 2242 2094 2295 repetit,
2127 2242 2184 2287 cf.

470 2338 506 2389 Ι,
539 2337 581 2389 2,
612 2337 641 2382 9
672 2346 718 2382 et
752 2337 803 2381 11
839 2345 885 2381 et
916 2337 1026 2382 vide
1058 2346 1264 2382 nostram
1296 2338 1355 2382 ad
1387 2338 1515 2382 hunc
1545 2338 1701 2382 locum
1733 2337 2094 2382 adnotationem.

469 2531 586 2568 cras,
618 2525 669 2561 ut
700 2531 864 2561 rumor
893 2516 968 2567 ait,
1002 2524 1096 2560 tota
1126 2515 1409 2569 pugnabitur
1440 2515 1558 2560 urbe

470 2611 859 2665 Pugnabitur
890 2611 984 2655 huc
1015 2626 1110 2655 non
1142 2611 1374 2663 quadrare
1405 2611 1576 2655 docent
1608 2625 1774 2655 versus
1806 2610 1862 2654 75
1894 2619 1940 2655 et
1971 2609 2041 2655 78.

471 2706 784 2752 Baehrensius
832 2706 1036 2751 Palmeri
1082 2705 1399 2751 coniecturam
1447 2705 1624 2758 recepit
1654 2705 2029 2757 cessabitur,
2064 2720 2185 2760 quae

469 2811 621 2855 aptam
656 2801 848 2855 quidem
881 2800 1159 2846 sententiam
1191 2800 1402 2852 restituit,
1435 2815 1590 2854 neque
1622 2809 1778 2845 tamen
1805 2800 1907 2845 veri
1923 2800 2085 2846 similis
2101 2808 2184 2852 est,

471 2913 580 2942 cum
608 2896 874 2950 longissime
905 2896 1023 2941 absit
1054 2911 1081 2940 a
1112 2896 1350 2941 literarum
1383 2895 1615 2941 ductibus.

472 2993 731 3046 Postgatius
778 2992 994 3044 praetulit
1030 2991 1318 3045 ingeniosam
1350 2991 1668 3036 coniecturam
1710 2991 1799 3035 viri
1831 2990 1956 3036 docti
1989 2990 2186 3035 Huleatt

471 3087 615 3146 (JPh.
647 3087 785 3139 XIII,
817 3103 861 3140 p.
894 3085 1008 3144 303)
1038 3087 1440 3141 purgabitur;
1472 3087 1529 3131 cf.
1562 3086 1656 3131 Ov.
1690 3086 1814 3131 Fast.
1847 3086 1933 3138 IV,
1964 3084 2052 3130 639
2083 3100 2184 3139 sqq.

591 3184 697 3237 igne
729 3191 906 3228 cremat
937 3183 1108 3227 vitulos
1139 3197 1260 3235 quae
1292 3190 1402 3227 natu
1435 3181 1637 3227 maxima
1668 3181 1814 3234 virgo,

651 3279 755 3323 luce
788 3278 912 3323 Palis
943 3278 1142 3331 populos
1173 3286 1338 3331 purget
1371 3285 1421 3322 ut
1452 3277 1529 3322 ille
1561 3276 1690 3321 cinis.

388 3444 418 3490 ¹)
467 3447 526 3482 Sic
552 3448 757 3488 explicatur
781 3455 819 3482 et
844 3448 1054 3482 defenditur
1079 3448 1320 3488 Neapolitani
1346 3448 1528 3488 scriptura
1540 3458 1561 3481 a
1577 3446 1801 3488 Roaabergio
1817 3441 1923 3489 (Luc.
1938 3444 2046 3484 Prop.
2060 3454 2093 3484 p.
2107 3439 2185 3486 ³⁴).
