2566 3886
325 699 396 745 43.

322 987 394 1032 46.

323 1462 394 1507 51.

1112 287 1378 334 —196-

461 432 557 462 non
603 432 721 471 opus
766 426 837 462 est
881 432 989 462 cum
1022 417 1309 462 Baehrensio
1339 432 1399 462 ex
1432 417 1619 462 Heinsii
1650 418 1917 464 coniectura
1947 421 2175 467 scribere:

461 512 722 557 solvere
754 512 1025 557 membra
1055 527 1142 566 pro
1174 512 1446 557 membra
1477 513 1748 558 resolve.

460 701 482 746 1
497 717 528 746 n
542 702 642 747 clu
655 703 685 746 d
700 717 727 747 e
741 718 765 747 r
778 718 805 747 e
843 717 1008 747 sanum
1026 711 1109 755 est,
1128 703 1184 747 cf.
1205 702 1408 747 Housm.
1425 700 1479 760 (J
1484 702 1569 747 Ph.
1587 702 1723 755 XXI,
1740 719 1785 756 p.
1805 701 1941 762 128);
1959 704 2175 759 Solbisky

461 794 565 854 (De
598 796 767 842 Codic.
801 797 941 850 Prop.
973 814 1018 851 p.
1054 796 1185 854 170);
1219 797 1396 842 Hetzel
1427 794 1681 855 (Beitrfige.
1716 797 1845 851 1890,
1876 814 1921 851 p.
1953 799 2107 859 36sq.)

457 987 716 1041 Magnos
777 989 927 1033 deos
988 997 1182 1042 propter
1239 988 1617 1033 coniunctionem
1680 996 1737 1032 et
1798 989 1989 1042 proprio
2034 1005 2175 1037 sensu

453 1083 781 1137 accipiendum
829 1099 932 1128 esse
978 1093 1106 1129 recte
1152 1083 1393 1128 contendit
1435 1083 1599 1135 Bases3
1643 1092 1750 1128 ante
1788 1099 1897 1129 eum
1928 1084 2020 1129 iam
2053 1085 2094 1130 F
2097 1085 2174 1132 .G.

453 1178 685 1231 Barthius‚
732 1179 813 1233 qui
846 1179 1054 1224 breviter
1085 1179 1350 1224 annotavit:
1383 1187 1604 1234 „magnos
1635 1179 1775 1223 deos:
1807 1179 1983 1224 nedum
2014 1189 2174 1233 poetas

453 1273 714 1318 heroicos'’.

456 1464 622 1508 harum
655 1465 783 1509 nulla
813 1465 930 1509 solet
961 1465 1189 1509 rationem
1222 1478 1450 1517 quaerere
1482 1463 1660 1508 mundi.

451 1559 506 1603 In
553 1567 682 1604 textu
726 1559 895 1604 tradito
941 1575 1036 1604 non
1083 1559 1243 1613 liquet,
1289 1575 1384 1613 quo
1431 1559 1732 1603 referendum
1774 1559 1831 1603 sit
1861 1559 2170 1605 vocabulum:

449 1655 667 1706 harum;
700 1669 856 1707 neque
878 1655 968 1698 hoc
985 1654 1339 1699 incommodum
1358 1653 1532 1698 tollitur
1550 1653 1830 1698 Rothsteinii
1846 1654 2169 1699 annotatione:

451 1749 643 1802 „werin
660 1749 852 1794 harum
870 1749 1074 1802 gemeint
1090 1749 1161 1800 ist,
1177 1749 1353 1802 ergiebt
1371 1749 1456 1793 der
1465 1748 1895 1801 Zusammenhang:
1912 1749 2170 1795 besonders

449 1844 600 1888 durch
647 1859 892 1889 amores
923 1844 982 1889 ist
1012 1845 1090 1889 die
1121 1845 1224 1889 hier
1255 1844 1554 1897 notwendige
1585 1843 1888 1897 Vorstellung
1919 1844 2169 1897 gegeben.'’

448 1939 664 1991 Accedit,
697 1948 748 1984 ut
778 1940 1019 1991 sententia,
1051 1955 1172 1993 quae
1203 1939 1419 1984 versibus
1450 1937 1626 1983 51—54
1657 1938 1946 1991 exprimitur,
1978 1953 2169 1991 prorsus

449 2049 545 2079 non
577 2050 686 2079 cum
718 2050 860 2079 versu
891 2034 949 2079 50
965 2035 1225 2079 cohaereat.
1244 2034 1401 2086 Quam
1418 2034 1480 2078 ob
1496 2049 1597 2078 rem
1614 2033 1840 2078 assentior
1858 2033 1912 2078 L.
1931 2033 2168 2079 Muellero

449 2128 613 2174 Ottoni
645 2127 935 2187 (Versumst.
965 2130 1001 2182 I,
1048 2145 1093 2182 p.
1128 2127 1209 2187 17)
1246 2129 1480 2182 Postgatio
1501 2126 1541 2187 1)
1571 2143 1737 2173 versus
1769 2127 1824 2172 47
1833 2127 1945 2172 —50
1975 2136 2080 2180 post
2109 2127 2167 2173 54

449 2224 729 2269 traiciendos
761 2239 889 2269 esse:
922 2223 1098 2269 51—54
1130 2224 1256 2269 enim
1288 2223 1561 2268 continuant
1590 2238 1660 2268 vs.
1692 2222 1764 2268 45.
1796 2222 1877 2275 463
1913 2223 2029 2268 nihil
2059 2231 2166 2268 ante

450 2318 504 2364 51
539 2320 705 2364 deesse
736 2334 912 2373 proper
943 2318 1284 2364 Baehrensium
1316 2333 1502 2363 moneo.

447 2413 606 2458 Versu
638 2413 693 2458 47
727 2429 835 2459 cum
869 2413 919 2458 N
952 2428 974 2458 s
991 2428 1018 2458 e
1035 2414 1066 2458 d
1097 2413 1347 2466 legendum
1380 2427 1483 2457 esse
1513 2412 1594 2457 vix
1625 2421 1695 2457 est
1725 2413 1853 2465 quod
1884 2426 2117 2456 moneam.

318 2605 389 2651 49.
407 2604 479 2650 50.
533 2604 644 2649 Hoc
682 2604 913 2648 distichon
951 2603 1127 2656 duplici
1157 2602 1336 2647 laborat
1365 2602 1502 2647 vitio:
1535 2601 1583 2646 in
1615 2602 1888 2646 hexametro
1924 2616 2166 2649 amores

453 2715 503 2744 se
523 2715 619 2744 non
643 2707 771 2743 recte
794 2698 958 2750 habet;
984 2706 1109 2752 patet
1131 2698 1258 2742 enim
1280 2713 1341 2742 ex
1377 2712 1496 2742 voce
1533 2697 1564 2740 d
1578 2711 1724 2741 uros
1765 2704 1810 2740 et
1853 2711 1912 2740 ex
1953 2696 2166 2749 sequenti

450 2794 601 2839 verbo
643 2794 717 2838 do
733 2794 910 2838 mand
926 2807 992 2838 us
1034 2801 1220 2846 poetam
1262 2792 1416 2836 adhuc
1457 2792 1518 2836 de
1559 2790 1702 2835 tauris
1742 2790 1966 2843 cogitare:
2004 2790 2166 2844 utique

449 2889 586 2945 igitur
623 2887 893 2940 recipienda
929 2896 999 2932 est
1037 2886 1309 2931 Marklandi
1344 2886 1635 2931 coniectura:
1674 2885 1886 2939 patiere
1917 2885 2165 2938 labores;

449 2986 498 3031 in
526 2993 820 3038 pentametro
843 2998 938 3028 vox
965 2991 1169 3027 tamen
1201 2982 1373 3026 iustum
1405 2996 1594 3026 sensum
1627 2996 1723 3025 non
1754 2980 1972 3033 praebet;
2009 2994 2165 3032 neque

450 3080 577 3125 enim
600 3079 727 3123 idem
750 3085 820 3122 est
835 3085 974 3130 atque
991 3076 1260 3122 coniunctio
1291 3077 1408 3128 sed;
1432 3076 1584 3120 scribe
1602 3076 1738 3129 igitur
1753 3090 1862 3120 cum
1879 3074 2165 3119 Baehrensio

452 3174 669 3226 animi;
708 3174 875 3218 vitium
913 3181 1068 3218 ortum
1106 3188 1209 3217 esse
1245 3172 1434 3217 videtur
1470 3186 1578 3216 cum
1614 3171 1661 3215 in
1693 3169 1992 3224 praecedenti
2023 3183 2164 3214 versu

451 3284 594 3322 supra
625 3268 816 3313 animi
849 3276 966 3312 tam
997 3268 1242 3320 legeretur.

450 3363 625 3408 Totum
658 3362 795 3415 igitur
825 3361 1061 3406 distichon
1092 3377 1201 3406 cum
1234 3361 1499 3405 Hartmano
1530 3359 1596 3404 sic
1627 3359 1804 3403 scribo:

367 3469 394 3514 ¹)
442 3468 657 3513 Poutgntiu·
683 3469 725 3503 L.
752 3469 977 3503 Muellerum
1003 3476 1151 3503 secutus
1176 3476 1234 3503 est
1259 3469 1296 3503 in
1321 3469 1484 3503 editione
1513 3467 1615 3502 1894.
