2566 3886
1193 284 1429 332 ..m-

388 422 459 468 29.
477 420 548 466 30.
608 419 686 464 ille
717 419 804 464 sub
836 427 1045 464 extrema
1074 419 1287 472 pendens
1318 418 1575 463 secluditur
1605 420 1676 464 ala

758 523 805 559 et
835 515 1052 559 volucres
1084 528 1215 558 ramo
1246 513 1497 558 submovet
1527 513 1730 558 insidias.

522 611 619 657 Hic
649 611 780 655 locus
810 624 953 663 quem
986 608 1283 654 Burmannus
1314 609 1519 653 maximo
1550 608 1652 653 iure
1678 608 1931 654 obscurum
1955 617 2091 654 vocat
2114 609 2236 655 inter

520 707 813 752 difficillimos
859 704 1115 749 difficillimi
1163 712 1328 756 poetae
1365 704 1611 748 habendus
1648 712 1730 748 est.
1771 703 2116 756 Lachmannus,
2153 705 2235 758 qui

519 810 648 855 putat
694 800 782 845 sibi
826 808 1036 844 nostrum
1078 798 1309 844 distichon
1347 798 1649 850 perspicuum
1688 813 1805 850 esse,
1829 798 1877 843 in
1916 799 2122 844 editione
2159 798 2236 842 illa

518 893 688 954 (1816)
719 896 835 940 haec
865 894 1078 939 adnotat:
1111 893 1294 946 „Hylas
1325 908 1420 938 non
1452 893 1609 945 inepte
1641 908 1691 938 se
1722 909 1747 938 a
1775 893 2042 938 Boreadum
2065 892 2235 937 osculis

517 991 741 1037 defendit.
761 990 939 1035 Eorum
970 990 1181 1041 alterum,
1213 1003 1321 1034 cum
1354 1003 1494 1041 supra
1524 997 1663 1042 caput
1694 1004 1831 1033 suum
1878 1003 1900 1032 s
1917 1004 1948 1033 u
1965 1003 1987 1033 s
2004 1003 2035 1040 p
2051 1003 2078 1033 e
2095 1003 2126 1032 n
2144 987 2235 1032 sis

517 1103 549 1140 p
565 1086 770 1138 almis,
803 1093 854 1130 ut
884 1085 1043 1129 oscula
1074 1083 1240 1135 supina
1269 1083 1426 1135 ferret,
1456 1091 1701 1136 vagantem
1725 1083 1868 1135 videt,
1894 1082 2078 1127 sinistra
2093 1097 2236 1127 manu

516 1197 544 1227 e
560 1197 591 1226 x
607 1191 624 1226 t
640 1197 664 1225 r
680 1196 707 1225 e
724 1195 771 1224 m
788 1195 815 1224 a
831 1195 878 1224 m
925 1180 1027 1223 ala
1043 1194 1104 1230 m,
1153 1179 1244 1223 hoc
1276 1187 1359 1230 est,
1382 1178 1611 1231 regimum
1635 1192 1896 1230 pennarum
1920 1177 2234 1231 longissimam

514 1276 688 1330 arripit,
719 1275 874 1329 itaque
905 1275 1020 1319 dum
1052 1274 1129 1319 ille
1160 1273 1294 1318 altius
1326 1274 1487 1318 volare
1518 1273 1692 1325 nititur,
1732 1273 1844 1318 sub
1881 1274 1977 1318 ala
2023 1273 2234 1326 pondere

515 1373 735 1416 deorsum
773 1379 918 1415 tracta
954 1370 1142 1422 pendet,
1173 1383 1267 1422 qua
1297 1377 1395 1413 arte
1427 1368 1486 1412 ab
1517 1383 1600 1412 ore
1631 1367 1890 1420 appetentis
1922 1367 2236 1412 secluditur

513 1481 568 1511 ac
614 1474 910 1510 removetur:
958 1463 1146 1509 alterius
1207 1464 1532 1508 volucres
1593 1462 1887 1508 insidias
1950 1478 2126 1508 ramo
2186 1463 2233 1507 in

514 1561 727 1606 dextram
759 1569 945 1613 sumpto
977 1574 1004 1604 a
1034 1574 1084 1604 se
1132 1574 1153 1603 s
1170 1574 1201 1603 u
1219 1558 1250 1603 b
1267 1574 1314 1603 m
1331 1573 1360 1603 o
1377 1574 1408 1603 v
1425 1573 1452 1603 e
1470 1566 1487 1602 t
1506 1558 1546 1601 ”-

514 1655 695 1701 Contra
725 1656 846 1700 hanc
877 1653 1235 1708 explicationem
1267 1654 1374 1698 satis
1406 1654 1551 1699 multa
1581 1653 1735 1698 afferri
1768 1662 1977 1706 possunt.

516 1749 857 1803 Hertzbergius
918 1749 1045 1794 iure:
1108 1758 1181 1801 „at
1230 1749 1310 1800 sic,
1356 1763 1531 1801 quaeso
1577 1757 1805 1800 arreptus,
1853 1748 2017 1802 inquit,
2066 1749 2232 1802 quidni

514 1844 743 1889 contraxit
787 1844 895 1895 alas,
942 1852 993 1889 ut
1030 1844 1247 1897 delapsus
1284 1843 1332 1888 in
1371 1852 1542 1888 terram
1581 1844 2014 1897 apprehendentem
2055 1843 2233 1896 Hylam

514 1941 659 1993 pedes
696 1949 742 1985 et
773 1940 1036 1985 comminus
1075 1954 1103 1984 a
1133 1939 1317 1984 sinistra
1346 1938 1663 1984 invaderet’'i>
1694 1939 1740 1983 Is
1786 1939 1888 1984 ala
1933 1947 2187 1984 extrem
2205 1954 2233 1984 a

515 2035 809 2088 interpretari
855 2035 955 2079 vult
1002 2034 1411 2079 brachiorum
1459 2042 1517 2079 et
1558 2034 1757 2079 umeri
1801 2035 2230 2080 commissura.

516 2129 608 2175 Sed
656 2131 703 2174 in
750 2131 994 2183 utriusque
1041 2129 1422 2183 interpretatione
1470 2129 1779 2174 vehementer
1827 2130 2054 2182 displicet,
2102 2131 2230 2183 quod

514 2240 744 2278 nusquam
783 2225 831 2269 in
869 2233 965 2269 toto
1003 2224 1201 2269 disticho
1238 2224 1490 2278 quicquam
1527 2224 1736 2277 legimus,
1775 2225 1903 2277 quod
1943 2224 2078 2270 nobis
2108 2225 2231 2269 dicat

513 2320 561 2364 in
593 2321 865 2364 hexametro
912 2320 972 2363 de
1018 2320 1177 2371 altero,
1223 2319 1271 2363 in
1318 2319 1537 2364 breviore
1583 2327 1745 2364 contra
1792 2334 1931 2364 versu
1978 2320 2039 2364 de
2084 2321 2231 2364 altero

514 2414 779 2459 Boreadum
829 2428 1095 2458 sermonem
1133 2428 1250 2458 esse.
1290 2412 1600 2458 Confidenter
1636 2414 1795 2458 dicere
1830 2414 2059 2459 audemus
2090 2415 2229 2459 talem

514 2510 658 2554 nostri
706 2509 889 2554 distichi
936 2509 1294 2562 explicationem
1340 2524 1502 2554 veram
1549 2524 1652 2554 esse
1698 2524 1793 2554 non
1836 2524 1998 2561 posse;
2041 2510 2122 2562 qui
2154 2510 2230 2555 hic

513 2604 742 2648 vocabula
786 2605 1110 2649 volucres
1156 2604 1429 2648 insidias
1467 2604 1587 2657 legit,
1620 2605 1680 2648 de
1726 2604 1963 2649 duobus
2006 2603 2228 2649 Boreasin

514 2698 694 2751 cogitat,
726 2713 821 2743 non
854 2699 914 2743 de
961 2714 1039 2743 un
1057 2714 1087 2744 o
1132 2713 1192 2743 ex
1223 2698 1292 2743 iis.

514 2793 764 2838 Praeterea
804 2808 957 2838 meam
994 2793 1115 2838 facio
1154 2791 1424 2850 Hetzelii1)
1461 2793 1863 2839 observationem:
1902 2792 2229 2852 „(Hertzberg

497 2887 634 2946 und)
672 2889 946 2934 Lachmann
984 2898 1145 2934 muten
1186 2888 1338 2940 Hylas
1376 2888 1454 2933 die
1493 2889 1843 2943 Kunstleistung
1873 2905 1950 2942 zu,
1982 2890 2066 2934 mit
2094 2889 2228 2943 jeder

515 2982 661 3027 Hand
692 2983 739 3027 in
772 2983 1138 3028 verschiedener
1169 2983 1328 3028 Weise
1360 2984 1459 3028 sich
1491 2999 1553 3028 zu
1584 2985 1823 3029 wehren''.

515 3076 690 3121 Melior
721 3077 858 3130 igitur
890 3077 1169 3122 Rothsteinii
1201 3077 1542 3130 interpretatio:
1561 3094 1681 3129 „nur
1697 3079 1773 3123 die
1794 3078 2104 3130 Fuszspitzen
2122 3078 2226 3122 sind

512 3187 607 3216 von
640 3172 750 3217 dem
783 3173 980 3218 Knaben
1012 3189 1075 3218 zu
1106 3174 1266 3224 seben,
1297 3187 1350 3217 so
1381 3173 1487 3216 dass
1519 3173 1605 3216 der
1635 3172 1880 3217 Eindruck
1915 3173 1998 3217 des
2018 3173 2226 3225 pendere

430 3316 455 3363 ¹)
505 3321 619 3354 Beitr.
645 3332 713 3354 zur
738 3318 884 3355 Erklt'ir.
909 3323 944 3355 d.
970 3318 1081 3361 Prop.
1110 3320 1211 3362 1890,
1235 3333 1268 3361 p.
1294 3321 1407 3361 9sq.;
1427 3321 1505 3361 ipse
1526 3321 1723 3355 Hetzelius
1738 3322 1858 3356 minus
1871 3322 2029 3356 feliciter
2042 3323 2225 3356 coniecit:

615 3392 627 3425 i
641 3393 653 3426 1
667 3393 679 3425 i
693 3403 713 3425 c
727 3404 748 3426 e
786 3393 853 3426 sub
891 3394 913 3426 d
929 3404 949 3426 e
963 3404 988 3426 n
1002 3403 1018 3426 e
1032 3403 1053 3426 a
1090 3394 1253 3432 pendens
1279 3392 1481 3426 secluditur
1506 3393 1563 3426 ala

711 3470 749 3497 et
759 3463 932 3498 voluere·
970 3474 987 3497 ι·
1001 3474 1022 3497 a
1036 3475 1072 3497 m
1085 3475 1109 3497 u
1123 3475 1140 3497 s
1177 3464 1374 3499 eubmovet
1399 3464 1564 3498 insidiae.
