2566 3886
1106 255 1371 302 -150—

446 387 630 441 saepius
673 387 873 439 fallente,
916 387 1101 440 saepius
1145 388 1425 433 excludente
1462 396 1556 433 tota
1587 395 1753 440 poetae
1784 387 1880 432 vita
1910 387 2021 433 foris
2052 397 2159 434 ante

446 482 691 527 hominum
738 482 900 526 oculos
942 482 1176 535 agebatur.
1209 481 1301 527 Sed
1342 491 1485 536 pergo
1526 497 1716 527 carmen
1748 497 1988 528 enarrare:
2021 491 2095 535 „at
2126 482 2164 528 si

446 577 655 630 Cynthia
698 578 812 622 mihi
854 577 1048 630 faveret,
1093 577 1244 632 inquit
1274 586 1425 631 poeta,
1457 577 1554 623 vita
1584 592 1690 622 mea
1717 577 1966 622 libidinosa
1999 577 2046 622 in
2083 577 2163 622 ob-

445 687 584 717 scuro
605 673 795 724 lateret3
827 687 936 717 nam
975 672 1191 726 quamvis
1221 672 1298 717 illa
1329 688 1405 717 me
1437 681 1596 718 ureret
1626 687 1801 724 amore,
1833 672 2025 717 nomine
2053 672 2162 718 ficto

448 766 684 819 Cynthiae
711 782 876 812 omnes
905 767 1205 820 deciperem3
1237 776 1315 812 aut
1346 767 1473 812 enim
1506 768 1743 821 quandam
1763 775 1927 820 vagam
1959 768 2162 821 puellam

443 877 471 906 a
501 877 579 906 me
609 862 754 907 amari
793 862 1143 915 suspicarentur
1173 862 1402 915 homines,
1435 871 1514 907 aut
1545 871 1688 907 totam
1719 862 1959 907 historiam
1991 862 2164 908 amoris

447 958 540 1003 mei
572 957 620 1003 in
652 957 1011 1003 oblectationem
1044 957 1296 1012 legentium
1329 958 1482 1002 fictam
1506 973 1609 1003 esse
1629 966 1860 1011 putarent.
1878 957 2162 1012 Intelligisne

446 1068 588 1105 nunc,
619 1053 790 1105 amice,·
815 1068 962 1107 quare
992 1053 1129 1098 aliam
1160 1053 1285 1098 viam
1309 1053 1542 1107 ingressus
1559 1053 1722 1099 vilium
1739 1068 1899 1098 amore
1916 1061 2162 1098 contentus

447 1148 568 1193 simt
601 1148 756 1194 minus
787 1148 1055 1194 infamant.''

445 1244 522 1288 De
553 1258 695 1288 versu
727 1242 754 1288 8
786 1243 989 1289 observo
1022 1259 1098 1289 me
1130 1245 1347 1290 codicum
1394 1243 1643 1289 lectionem
1683 1243 1934 1289 nomine
1967 1243 2163 1289 verba

446 1339 656 1383 darem
694 1338 815 1383 tueri
853 1354 949 1383 non
989 1339 1227 1392 dubitare3
1267 1354 1375 1384 nam
1414 1353 1620 1391 versum,
1658 1346 1709 1383 ut
1740 1353 1767 1383 a
1797 1353 1874 1383 me
1906 1338 2162 1392 explicatus

446 1442 529 1485 est,
557 1433 729 1478 bonam
753 1433 947 1486 praebet
968 1434 1260 1479 sententiam.
1284 1433 1488 1479 Palmeri
1512 1433 1829 1479 coniecturam
1861 1449 1892 1478 n
1906 1448 1981 1478 on
2013 1448 2060 1478 m
2074 1433 2088 1478 i
2102 1433 2163 1478 hi

446 1543 533 1582 pro
586 1528 837 1574 nomine
883 1537 1010 1574 recte
1057 1530 1234 1582 spernit
1279 1529 1354 1574 vir
1400 1530 1565 1574 doctus
1612 1528 1783 1574 Plessis
1829 1512 2036 1586 (Etudes
2082 1543 2163 1574 sur

445 1623 587 1676 Prop.
619 1638 663 1676 p.
700 1620 825 1680 138),
857 1624 937 1677 qui
970 1623 1173 1669 Palmeri
1205 1624 1477 1669 coniectura
1507 1632 1695 1676 recepta
1725 1623 1882 1668 locum
1912 1623 1978 1668 sic
2000 1623 2161 1668 vertit:

446 1718 523 1771 „Si
555 1718 764 1771 Cynthie
795 1733 846 1763 se
879 1718 1099 1763 montrait
1129 1719 1252 1764 aussi
1283 1719 1416 1764 facile
1432 1733 1554 1772 pour
1570 1718 1665 1763 moi
1681 1733 1775 1770 que
1791 1718 1859 1763 les
1875 1717 2162 1763 courtisanes

446 1814 691 1868 vulgaires,
728 1814 774 1868 je
812 1814 955 1859 serais
993 1829 1100 1859 sans
1138 1815 1281 1859 doute
1319 1813 1453 1859 brfile
1492 1814 1719 1865 d'amour,
1758 1813 1873 1885 mais
1911 1813 1975 1858 du
2011 1813 2162 1858 moins

445 1910 490 1963 je
522 1924 583 1954 ne
614 1924 691 1954 me
722 1909 1000 1961 tromperais
1030 1924 1113 1962 pas
1145 1908 1428 1961 moi-meme,
1460 1909 1505 1963 ie
1536 1923 1597 1954 ne
1629 1909 1753 1953 m'en
1782 1907 2055 1962 imposerais
2080 1923 2162 1962 pas

446 2003 472 2050 ὲ
510 2004 835 2057 ωοί-ιῐιὲωε”;
875 2005 1048 2050 deinde
1085 2004 1331 2050 verissime
1368 2005 1485 2049 haec
1516 2003 1669 2049 addit:
1703 2003 1847 2056 „mais
1879 2018 1941 2048 on
1972 2018 2033 2048 ne
2064 2003 2163 2048 voit

447 2115 543 2154 pas,
586 2109 826 2145 comment
864 2101 1115 2153 Properce,
1153 2100 1269 2145 dans
1307 2100 1351 2144 le
1388 2114 1466 2145 cas
1502 2099 1706 2153 present,
1756 2098 1853 2143 s’en
1905 2098 2084 2152 impose
2136 2097 2163 2144 ἃ

447 2196 701 2249 lui-meme,
734 2211 784 2241 se
816 2204 999 2249 trompe
1031 2204 1078 2241 et
1108 2210 1159 2241 se
1190 2195 1271 2241 fait
1302 2195 1533 2241 illusion”.

446 2386 629 2432 Versus
669 2385 843 2431 11—16
880 2394 1008 2431 recte
1038 2400 1066 2430 a
1096 2384 1263 2430 ceteris
1295 2393 1557 2438 segregasse
1589 2383 1872 2437 Scaligerum
1905 2383 2020 2428 mihi
2051 2399 2159 2429 cum

448 2481 713 2526 Hartmano
760 2490 952 2527 constat.
1001 2480 1213 2525 Primum
1261 2479 1387 2524 enim
1434 2493 1655 2532 praesens
1701 2478 1889 2531 cupit,
1936 2487 1988 2523 ut
2032 2487 2159 2524 recte

446 2577 666 2622 observat
697 2576 950 2630 Bellingius
980 2573 1110 2634 (1.l,),
1142 2590 1238 2620 non
1270 2573 1483 2627 congruit
1503 2588 1612 2618 cum
1634 2573 1689 2618 iis
1710 2587 1831 2625 quae
1857 2581 1995 2625 poeta
2015 2574 2158 2619 modo

446 2672 666 2723 narravit,
698 2671 871 2716 deinde
903 2671 1171 2717 coniunctio
1202 2685 1229 2715 e
1254 2667 1333 2727 tl)
1363 2670 1469 2715 laxo
1497 2669 1752 2714 admodum
1775 2667 1967 2713 vinculo
1985 2684 2158 2714 novam

446 2782 634 2812 causam
665 2766 811 2820 priori
841 2767 1059 2818 adnectit,
1091 2774 1328 2819 postremo
1349 2764 1659 2818 fragmentum
1683 2778 1786 2808 esse
1802 2778 1967 2809 versus
1986 2762 2160 2809 11-16

446 2862 735 2907 demonstrat
778 2862 970 2914 modo,
1014 2861 1091 2907 cui
1131 2861 1329 2906 alterum
1374 2860 1552 2905 modo
1594 2867 1673 2904 aut
1715 2858 1876 2904 similis
1922 2873 2016 2904 vox
2062 2874 2157 2905 non

447 2957 743 3011 respondeat.

446 3053 605 3099 Versu
639 3052 694 3098 15
727 3051 1043 3098 Phillimorius
1075 3051 1247 3096 mirum
1274 3050 1322 3095 in
1339 3050 1534 3096 modum
1551 3049 1728 3103 sprevit
1743 3057 1917 3094 certam
1936 3049 2157 3095 Italorum

447 3148 765 3193 coniecturam
804 3148 911 3193 sed
949 3161 1038 3192 me
1075 3161 1162 3200 pro
1194 3146 1403 3191 secundo
1442 3145 1492 3190 si
1530 3159 1632 3189 me.

363 3313 393 3359 ¹)
443 3317 500 3351 De
534 3316 792 3351 meretricibue
819 3325 1028 3350 termonem
1055 3324 1137 3349 ene
1163 3325 1237 3349 non
1263 3320 1364 3348 recte
1389 3319 1494 3354 putet
1519 3312 1613 3346 Otto
1638 3308 1709 3354 (H.
1735 3311 1792 3352 23,
1819 3322 1852 3352 p.
1877 3307 1942 3354 ³5)
1966 3311 2027 3352 qui
2051 3322 2087 3345 v.
2116 3310 2155 3344 11

314 3399 398 3422 cum
438 3388 675 3422 Lachmanno
712 3388 833 3420 haec
873 3397 938 3426 pro
976 3393 1025 3420 et
1063 3386 1188 3427 legen·
1217 3385 1323 3427 ,idem
1358 3384 1554 3418 restituere
1579 3383 1659 3418 vult
1683 3393 1718 3417 v.
1747 3381 1809 3423 1³3
1834 3382 1879 3415 ef.
1904 3381 2003 3416 enim
2028 3391 2158 3418 venun

317 3458 371 3496 15.
400 3458 455 3502 16,
479 3459 541 3503 qui
566 3460 613 3494 de
638 3457 801 3502 Cynthia
826 3464 974 3501 poetam
1000 3456 1164 3501 cogitare
1189 3456 1401 3492 ostendunt·
