2566 3886
334 385 403 431 15.

1136 254 1299 301 -279
1330 279 1389 287 -—

465 386 592 432 Cum
640 386 856 431 Palmero
900 394 946 430 et
990 385 1255 430 Hartmano
1287 384 1442 430 scribo
1474 400 1533 429 ex
1564 384 1764 430 lectione
1796 383 1969 429 veteris
2001 383 2177 428 codicis

467 481 710 527 Beroaldi:
742 479 864 539 (Ha,
898 481 934 533 Ι,
967 495 1012 533 p.
1047 477 1158 537 168)

617 577 655 621 si
687 575 769 621 tibi
801 575 1016 629 olorigeri
1047 575 1244 620 visenda
1274 583 1344 620 est
1374 589 1457 620 ora
1488 573 1691 627 Caystri.

335 766 521 812 19—22.
556 766 624 811 Hi
655 780 820 811 versus
852 766 973 810 male
1004 765 1339 810 sententiarum
1371 764 1541 809 seriem
1559 764 1931 817 interrumpunt;
1949 778 2057 808 nam
2075 771 2180 816 post

333 1715 404 1761 25.

465 863 592 907 hune
623 875 838 906 versum:

615 964 780 1001 natura
810 955 887 1000 hic
918 954 1086 1009 posuit,
1119 953 1349 1007 quidquid
1382 953 1558 1007 ubique
1589 953 1674 998 fuit
1688 950 1730 1010 ¹)

467 1051 692 1096 miracula
721 1059 873 1095 terrae
906 1050 1120 1094 Romana
1142 1056 1481 1101 exspectamus.
1499 1048 1838 1093 Baehrensium
1855 1048 1993 1102 igitur
2008 1064 2177 1093 verum

467 1146 641 1191 vidisse
682 1146 840 1197 credo,
878 1160 986 1190 cum
1018 1145 1114 1189 duo
1145 1145 1262 1189 haec
1294 1144 1491 1188 disticha
1522 1152 1627 1196 post
1658 1158 1849 1188 versum
1882 1142 1939 1187 38
1970 1152 2178 1197 transpo-

467 1256 580 1286 nere
626 1241 781 1286 vellet.
829 1240 938 1284 Iure
984 1248 1139 1284 autem
1186 1239 1405 1284 observat
1451 1238 1566 1284 Otto
1613 1236 1903 1296 (Versumst.
1948 1238 1985 1290 Ι,
2017 1253 2062 1290 p.
2094 1236 2178 1296 25)

466 1334 806 1381 substantivum
838 1349 994 1379 noxa
1024 1334 1175 1387 aptius
1206 1334 1432 1386 adhiberi,
1464 1334 1501 1379 si
1534 1334 1763 1386 pertineat
1780 1334 1839 1379 ad
1871 1341 2179 1386 portenta

466 1430 543 1475 illa
584 1430 644 1474 de
687 1429 858 1483 quibus
896 1437 1003 1474 ante
1035 1444 1191 1474 sermo
1221 1429 1322 1474 fuit.
1355 1428 1482 1474 Cum
1516 1429 1804 1474 Baehrensio
1835 1437 1956 1474 stant
1988 1428 2103 1474 Otto
2134 1437 2180 1473 et

468 1524 773 1570 Hartmanus.

467 1714 684 1760 Albanus
714 1715 842 1759 lacus
873 1722 919 1759 et
951 1720 1002 1759 -Ι-
1034 1712 1147 1758 socii
1179 1712 1490 1758 Nemorensis
1522 1713 1580 1758 ab
1614 1714 1741 1758 unda
1776 1714 1814 1755 4

464 1809 694 1854 Francius
725 1808 1007 1861 corrigebat:
1046 1816 1104 1852 et
1141 1808 1313 1852 socia
1350 1807 1768 1853 Nemorensis
1804 1808 1874 1852 ab
1913 1809 2103 1860 unda3

465 1903 696 1957 Scaligert
750 1903 1166 1956 Albanusque
1212 1903 1385 1947 lacus
1431 1903 1589 1948 socii
1638 1903 2054 1949 Nemorensis
2106 1905 2176 1950 ab

464 2000 652 2051 unda;

466 2093 1281 2148 Hertzbergius:A1banusque
1326 2094 1511 2147 lacus,
1555 2094 1715 2139 socii
1761 2094 2177 2141 Nemorensis

463 2198 522 2235 et
552 2190 724 2241 unda,

465 2284 546 2337 qui
583 2292 710 2329 recte
742 2292 877 2337 negat
908 2284 1062 2329 laeum
1096 2283 1445 2329 Nemorensem
1478 2284 1668 2330 Albano
1699 2300 1843 2338 aquas
1875 2286 2175 2339 suppeditare

463 2387 541 2424 aut
581 2387 834 2431 utrumque
865 2379 924 2423 ab
956 2379 1125 2424 eodem
1156 2380 1286 2424 fonte
1317 2380 1455 2432 oriri;
1487 2380 1661 2425 deinde
1693 2381 1908 2426 socius
1940 2381 2016 2426 hic
2048 2396 2176 2434 pro-

462 2474 740 2528 pinquus
785 2474 1130 2527 interpretatur.
1179 2473 1272 2519 Sed
1319 2475 1419 2520 eius
1465 2475 1736 2520 coniectura
1782 2476 1920 2521 nimis
1966 2476 2103 2522 distat
2148 2492 2176 2521 a

463 2569 731 2621 codicibus3
779 2584 866 2621 pro
912 2569 1071 2614 socii
1118 2569 1167 2614 in
1215 2569 1312 2614 DV
1359 2570 1548 2615 sotiis
1595 2571 1774 2624 legitur,
1821 2587 1956 2625 quae,
1989 2581 2040 2617 ut
2070 2573 2173 2618 iure

463 2664 682 2709 observat
714 2664 1021 2709 Housmanus
1052 2662 1197 2722 (JPh.
1230 2664 1365 2709 XXI.
1398 2680 1442 2718 p.
1478 2663 1602 2723 176),
1634 2666 1827 2719 vestigia
1843 2667 1944 2711 veri
1962 2682 2173 2712 servasse

462 2759 662 2813 videtur,
709 2775 818 2804 cum
865 2760 1094 2804 correctio
1142 2760 1318 2805 librarii
1366 2776 1468 2805 esse
1515 2775 1610 2805 non
1649 2761 1806 2812 possit,
1843 2761 2019 2814 quippe
2051 2777 2172 2814 quae

462 2854 643 2898 nullum
688 2853 909 2905 praebeat
941 2869 1145 2899 sensum.
1177 2855 1258 2899 Ab
1289 2856 1377 2899 hac
1409 2863 1565 2900 autem
1596 2855 1797 2901 lectione
1829 2857 2066 2908 profectus
2097 2857 2172 2901 vir

462 2948 756 2993 doctissimus
787 2949 1155 3002 ingeniosissime
1186 2950 1417 2995 coniecit:

613 3042 828 3088 Albanus
859 3044 987 3089 lacus
1019 3053 1064 3089 et
1100 3045 1282 3089 foliis
1320 3045 1631 3091 Nemorensis
1669 3046 2009 3098 abundans,

462 3138 520 3182 cf.
560 3137 654 3182 Ov.
691 3138 816 3183 Fast.
854 3139 940 3191 ΙΙΙ,
979 3138 1091 3183 263:
1129 3139 1210 3183 ubi
1248 3140 1374 3184 lacus
1412 3139 1748 3185 Nemorensis:
1793 3139 1956 3184 silva
2008 3155 2172 3192 prae-

462 3232 731 3278 cinctus
776 3248 980 3287 opaca
1009 3234 1225 3287 pingitur.

378 3386 409 3432 ¹)
457 3391 476 3423 s
483 3391 572 3432 uit,
605 3402 671 3431 pro
697 3403 769 3432 quo
796 3392 974 3427 Heinsius
999 3393 1133 3434 nitet,
1162 3393 1408 3440 Baebi-ennius
1434 3394 1564 3435 viget
1591 3394 1769 3428 intactum
1797 3394 1928 3434 reliqui
1943 3394 2079 3428 collato
2095 3393 2168 3428 Ov.

330 3449 414 3483 Art.
439 3450 466 3483 Ι.
492 3449 548 3484 55.
