2566 3886
355 842 423 887 17.

1158 233 1393 278 -23-

485 368 567 421 qui
603 383 768 413 versus
803 383 830 412 a
860 365 1103 420 permultis
1148 365 1262 410 viris
1308 365 1457 410 doctis
1477 362 1518 422 1)
1563 373 1811 417 corruptus
1857 365 2042 409 habitus
2086 364 2200 417 opti-

486 478 563 508 me
605 463 874 508 defenditur
903 476 1045 507 versu
1069 459 1125 505 27
1158 460 1331 514 elegiae
1362 459 1391 505 9
1423 460 1569 505 nostri
1599 460 1731 504 libri:

627 558 802 610 quippe
833 557 915 602 ubi
946 572 1042 601 non
1074 556 1208 601 liceat
1239 570 1473 600 vacuos
1504 556 1732 600 seducere
1763 556 2021 608 ocellos,

745 666 833 696 nec
865 651 1057 704 vigilare
1085 650 1175 695 alio
1206 650 1398 695 nomine
1430 650 1566 694 cedat
1596 649 1764 694 Amor.

485 850 531 886 et
561 856 889 894 quaecumque
920 841 1051 885 voles
1081 840 1260 893 fugient
1290 838 1374 883 tibi
1405 838 1553 883 verba
1583 839 1800 892 querenti

484 937 769 989 Interpretes
824 935 960 981 nobis
1016 943 1205 980 narrant
1261 935 1320 979 ad
1376 935 1555 979 voles
1611 934 1841 979 dicere
1884 934 2199 987 supplendum

484 1046 601 1084 esse,
633 1031 977 1083 conseruntque
1009 1030 1096 1082 111,
1128 1029 1170 1074 9.
1202 1029 1257 1074 5:

601 1135 735 1179 turpe
758 1135 827 1171 est
848 1126 976 1179 quod
999 1139 1206 1178 nequeas
1227 1122 1318 1182 (sc.
1341 1121 1490 1182 ferre)
1516 1124 1654 1178 capiti
1677 1124 1969 1169 committere
2001 1124 2200 1177 pondus.

482 1220 574 1267 Sed
605 1236 700 1267 non
733 1222 876 1266 credo
914 1221 1119 1274 fugiendi
1154 1220 1355 1266 verbum
1388 1236 1497 1265 cum
1529 1220 1688 1265 dativo
1720 1219 1933 1265 adhiberi
1966 1234 2103 1272 posse
2137 1220 2196 1263 de

483 1333 534 1362 re
565 1332 706 1370 quam
738 1316 843 1369 quis
874 1316 1039 1361 amittit
1070 1331 1225 1368 neque
1258 1315 1472 1360 invenire
1504 1323 1668 1367 potest.

484 1411 611 1457 Cum
645 1411 909 1456 Hartmano
940 1411 1091 1463 probo
1123 1410 1329 1456 Santenii
1361 1411 1610 1456 lectionem
1642 1410 1830 1455 volet.

1091 1934 1345 1979 ELEGIA
1375 1934 1462 1979 VI.

484 2138 561 2183 illa
591 2153 744 2183 meam
776 2138 891 2183 mihi
922 2138 1013 2182 iam
1045 2151 1095 2181 se
1126 2137 1338 2189 denegat,
1369 2135 1446 2179 illa
1476 2134 1692 2186 minatur,

602 2248 723 2286 quae
754 2233 871 2278 solet
901 2233 1018 2277 irato
1047 2231 1188 2276 tristis
1218 2230 1367 2275 amica
1398 2229 1515 2274 viro.

486 2327 805 2372 Rothsteinius
835 2327 1095 2380 intelligens
1126 2326 1202 2370 hic
1233 2326 1294 2370 de
1331 2325 1493 2369 irato
1537 2324 1640 2369 viro
1672 2339 1767 2369 non
1799 2339 2065 2369 sermonem
2097 2340 2200 2369 esse

485 2422 726 2467 contendit
775 2437 870 2466 non
920 2421 1216 2474 cogitandum
1264 2435 1366 2465 esse
1412 2420 1472 2464 de
1519 2419 1573 2463 iis
1619 2434 1741 2472 quae
1787 2428 1946 2465 nostro
1992 2420 2200 2464 carmine

486 2525 642 2561 narrat
684 2525 843 2569 poeta:
888 2515 1148 2568 „Cynthias
1190 2515 1423 2568 Drohung
1464 2515 1824 2568 vergleicht
1867 2515 2079 2568 Properz
2119 2515 2204 2559 mit

486 2613 579 2656 den
603 2598 943 2664 'Ausserungen
974 2610 1065 2655 wie
1097 2610 1163 2654 sie
1195 2610 1271 2654 bei
1302 2609 1458 2654 einem
1485 2610 1633 2654 Zwist
1658 2610 1897 2655 zwischen
1925 2610 2202 2655 Liebenden

485 2706 778 2759 gewohnlieh
821 2705 974 2750 fallen.
1020 2705 1197 2750 Diesen
1242 2704 1390 2749 Zwist
1432 2706 1554 2749 stellt
1589 2721 1643 2750 er
1680 2706 1779 2749 sich
1817 2705 1901 2750 mit
1937 2705 2203 2757 poetischer

487 2794 919 2852 Anschaulichkeit,
974 2800 1088 2845 aber
1142 2801 1302 2844 ohne
1348 2799 1702 2844 Riicksicht
1744 2800 1853 2844 auf
1896 2800 2013 2844 den
2064 2799 2201 2844 Fall

486 2896 595 2940 der
643 2895 872 2948 gerade
921 2894 1059 2939 hier
1108 2895 1423 2939 erliiutert
1472 2895 1725 2939 werden
1772 2895 1906 2946 soll,
1950 2895 2081 2938 vor''.
2127 2893 2199 2938 En

486 2989 803 3042 interpretatio
845 2989 1210 3041 contortissima;
1249 2990 1401 3034 scribe
1439 2998 1595 3034 tamen
1634 3005 1743 3034 cum
1782 2989 1906 3033 Italis
1950 2989 2201 3041 ingrato

487 3063 539 3128 et.
563 3084 721 3129 omnia
751 3084 873 3129 bene
904 3084 1184 3136 procedent:
1217 3099 1325 3128 nam
1357 3084 1395 3128 si
1426 3092 1564 3135 poeta
1594 3083 1790 3127 amicam
1837 3082 2105 3134 relinquere
2150 3081 2198 3125 in

487 3178 644 3222 animo
675 3178 828 3230 habet,
861 3178 962 3223 iure
992 3178 1051 3222 ab
1082 3193 1139 3223 ea
1181 3177 1464 3230 ingratus
1507 3177 1690 3221 dicitur.

407 3413 432 3462 ¹)
480 3417 525 3452 cs.
552 3416 766 3451 Baehrensii
791 3423 1003 3457 apparatum
1030 3427 1102 3458 cr.;
1131 3416 1297 3458 Bursian,
1324 3415 1368 3449 46
1395 3415 1486 3450 Bnd.
1516 3414 1605 3450 1886
1631 3415 1709 3449 Zw.
1735 3415 1825 3449 Abt.
1851 3427 1884 3459 p.
1913 3415 1990 3452 186.
