2566 3886
1144 263 1409 308 -177—

488 395 560 440 his
590 395 711 439 head
744 394 836 439 and
868 395 928 439 he
975 395 1225 447 carelessly
1271 394 1426 439 added
1474 393 1691 438 inmerito
1738 393 1917 438 instead
1948 394 1996 438 of
2040 393 2072 437 d
2088 408 2119 438 u
2136 408 2160 438 r
2176 408 2203 438 a

488 504 681 544 paras
712 487 856 547 (JPh.
887 488 1009 533 XXI
1042 503 1086 541 p.
1122 486 1247 546 154.)

490 585 601 630 Hoc
631 585 736 629 loco
766 584 903 637 igitur
934 582 980 627 O
1013 599 1180 629 verum
1213 582 1430 635 servavit,
1463 598 1747 636 quamquam
1780 598 1867 635 pro
1901 583 2045 627 dura
2076 582 2203 627 dure

488 680 737 733 legendum
766 688 848 731 est,
871 679 1093 733 quoniam
1107 678 1167 722 de
1185 676 1391 729 Cynthia
1407 676 1455 720 in
1471 676 1646 721 bellum
1662 676 1986 729 proficiscente
2002 677 2204 730 cogitare

488 774 745 819 absurdum
777 782 860 818 est.
892 772 1040 817 Totus
1072 786 1239 817 versus
1270 771 1337 815 sic
1369 770 1623 816 scribatur:
1910 767 1914 770 “

607 884 721 914 num
768 877 832 920 tu,
875 869 1007 919 dure,
1054 882 1189 919 paras
1238 865 1462 919 Phrygias
1508 881 1635 910 nunc
1681 865 1750 910 ire
1795 881 1882 919 per
1921 866 2085 911 undas.

489 965 565 1009 De
596 963 875 1008 coniecturis
906 977 1070 1007 eorum
1109 961 1319 1006 virorum
1352 962 1613 1012 doctorum,
1660 960 1741 1013 qui
1784 975 1844 1005 ex
1890 959 2205 1013 Neapolitano

488 1058 683 1112 profecti
724 1073 755 1102 n
769 1073 798 1103 o
811 1073 842 1102 n
887 1066 946 1102 ta
963 1072 1010 1101 m
1027 1072 1054 1101 e
1072 1072 1103 1101 n
1141 1056 1155 1100 i
1174 1071 1220 1100 m
1239 1071 1285 1100 m
1305 1071 1332 1100 e
1349 1071 1373 1100 r
1389 1055 1404 1099 i
1421 1064 1438 1099 t
1454 1070 1483 1100 o
1515 1054 1783 1099 coniectura
1811 1055 2065 1101 emendare
2082 1056 2207 1101 vole·

487 1154 598 1199 bant
643 1153 735 1198 iam
784 1152 1036 1205 disputavit
1067 1150 1341 1204 Solbiskyus
1372 1147 1476 1208 (De
1508 1148 1676 1195 Codic.
1710 1149 1850 1203 Prop.
1882 1165 1927 1203 p.
1962 1149 2045 1195 173
2077 1147 2205 1207 sqq).

487 1247 614 1294 Cum
646 1248 738 1293 iam
771 1248 831 1292 de
862 1247 1063 1292 lectione
1094 1261 1260 1291 versus
1295 1244 1350 1290 19
1381 1244 1627 1299 egerimus,
1659 1253 1813 1297 restat,
1846 1254 1895 1290 ut
1912 1260 2206 1299 quaeramus,

486 1343 535 1388 in
570 1357 823 1397 quemnam
855 1343 1009 1387 locum
1043 1342 1138 1386 duo
1170 1340 1247 1385 illa
1278 1339 1474 1385 disticha
1504 1336 1599 1397 (VS.
1635 1337 1836 1398 19—22)
1857 1342 2207 1394 transponenda

486 1436 589 1481 sint.
597 1434 638 1494 ¹)
670 1436 780 1481 Post
795 1445 1076 1481 commotam
1094 1435 1219 1480 illam
1236 1449 1460 1480 versuum
1480 1434 1625 1479 1-12
1641 1435 1900 1480 orationem
1918 1434 2205 1489 ineptissime

485 1531 618 1585 sequi
663 1531 1095 1585 interrogationem:
1134 1546 1277 1583 „num
1309 1530 1400 1575 iam
1434 1544 1568 1582 paras
1600 1530 1668 1574 ire
1700 1530 1748 1574 in
1780 1538 1927 1575 terras
1959 1531 2205 1576 externas”

487 1626 642 1680 quivis
674 1626 854 1671 sentiet.
887 1626 1137 1671 Praeterea
1167 1640 1333 1670 versus
1365 1623 1436 1669 23.
1472 1624 1556 1669 24:

604 1736 697 1766 una
729 1730 1000 1766 contentum
1031 1722 1205 1775 pudeat
1236 1735 1314 1765 me
1345 1720 1509 1765 vivere
1539 1718 1720 1764 amica?

728 1817 819 1861 hoc
850 1816 887 1861 si
918 1816 1097 1861 crimen
1129 1815 1230 1868 erit,
1264 1815 1443 1860 crimen
1475 1814 1669 1859 Amoris
1699 1814 1788 1859 erit

487 1911 654 1956 melius
696 1920 802 1965 post
843 1926 1033 1956 versum
1079 1911 1133 1956 12
1165 1919 1450 1964 sequuntur3
1487 1910 1554 1955 sic
1586 1910 1711 1955 enim
1742 1909 1812 1955 23.
1845 1910 1902 1954 24
1935 1926 2042 1955 cum
2075 1926 2205 1964 prae-

490 2006 764 2052 cedentibus
795 2007 1070 2051 cohaerent:
1106 2005 1268 2058 „Num
1303 2014 1450 2058 putas,
1481 2006 1613 2058 dure,
1631 2006 1678 2050 in
1696 2006 1806 2050 alias
1822 2014 1969 2050 terras
1985 2005 2204 2050 abeundo

487 2110 532 2146 te
576 2101 807 2146 Amorem
842 2101 1034 2145 vincere
1065 2115 1228 2154 posse;
1266 2101 1381 2145 nihil
1412 2100 1534 2153 agis3
1567 2115 1867 2154 quocumque
1898 2109 1944 2146 te
1976 2101 2203 2153 conferes,

487 2210 674 2248 semper
717 2196 871 2240 Amor
915 2204 961 2240 te
1005 2204 1252 2249 sequetur;
1297 2211 1538 2249 nunquam
1583 2205 1629 2240 et
1670 2211 1900 2250 nusquam
1938 2196 2058 2240 liber
2089 2195 2204 2247 eris;

486 2300 596 2344 ergo
627 2306 704 2335 me
735 2291 931 2343 pudebit
961 2306 1114 2336 meam
1146 2291 1348 2343 puellam
1381 2289 1578 2335 amare?
1609 2292 1699 2336 hoc
1731 2291 1768 2336 si
1800 2291 1979 2336 crimen
2008 2299 2090 2343 est,
2108 2306 2203 2335 non

486 2394 572 2439 ego
619 2387 908 2431 accusandus
954 2401 1072 2438 sum,
1120 2386 1203 2430 sed
1250 2384 1459 2430 Amor'’!
1488 2385 1638 2431 Vides
1670 2386 1807 2439 igitur
1849 2401 1926 2431 me
1963 2401 2071 2430 cum
2100 2386 2204 2430 viro

486 2480 626 2525 docto
674 2479 856 2525 Carutti
903 2477 1040 2538 (vide
1086 2480 1186 2525 eius
1218 2480 1471 2525 editionem
1510 2495 1554 2533 p.
1577 2479 1660 2538 82)
1694 2496 1859 2526 versus
1893 2480 2066 2526 19-22
2097 2489 2204 2526 ante

486 2589 676 2620 versum
697 2575 719 2620 l
738 2584 1046 2628 transponere
1063 2575 1199 2627 velle,
1216 2590 1311 2620 non
1329 2584 1484 2621 tamen
1508 2577 1651 2621 credo
1670 2576 1966 2629 Propertium
1984 2592 2034 2622 se
2050 2577 2204 2631 ipsum

485 2670 672 2723 alloqui,
704 2685 811 2715 cum
843 2670 957 2715 mihi
989 2685 1084 2714 non
1116 2670 1370 2715 verisimile
1396 2670 1612 2715 videatur
1627 2679 1812 2724 poetam
1835 2671 1966 2716 initio
1983 2686 2033 2716 se
2049 2671 2202 2723 ipsum

485 2765 671 2818 alloqui,
719 2765 891 2810 deinde
937 2764 1090 2809 subito
1127 2765 1279 2817 prima
1309 2780 1510 2817 persona
1540 2766 1620 2810 uti.
1654 2766 1870 2811 Fortasse
1902 2775 2057 2811 autem
2090 2765 2201 2811 olim

486 2874 572 2911 pro
604 2860 740 2904 dure
772 2859 926 2912 ipsum
950 2859 1087 2903 amici
1119 2874 1308 2911 nomen,
1336 2875 1478 2913 quem
1507 2860 1715 2904 carmine
1731 2860 1922 2905 ineunte
1939 2860 2202 2914 alloquitur,

484 2953 747 3007 legebatur3
780 2954 946 2998 collato
978 2953 1014 3005 Ι,
1047 2952 1075 2997 6
1106 2953 1167 2997 de
1196 2952 1239 2997 T
1256 2954 1393 2998 ulle
1425 2954 1625 3007 cogitare
1657 2963 1804 3006 potes.

486 3047 675 3093 Censeo
703 3048 840 3102 igitur
869 3063 1016 3092 unum
1048 3063 1150 3092 esse
1181 3063 1371 3092 carmen
1397 3057 1623 3101 nostrum,
1655 3063 1810 3102 neque
1841 3063 1900 3092 ex
1932 3048 2201 3101 fragmentis

402 3223 434 3270 ¹)
482 3227 554 3261 vir
591 3229 723 3261 doctus
759 3227 833 3260 Ites
871 3222 936 3269 (l.l.
963 3238 996 3266 p.
1023 3222 1084 3268 48)
1123 3237 1207 3259 cum
1247 3226 1371 3260 Leone
1408 3238 1538 3261 versus
1578 3227 1716 3261 19-22
1754 3238 1828 3261 non
1853 3229 2032 3267 quadrare
2058 3229 2102 3261 nd
2129 3228 2199 3261 hoc

355 3308 503 3331 carmen
538 3305 651 3338 putat,
685 3297 857 3338 quoniam
888 3297 1002 3330 1-—12
1027 3298 1072 3330 de
1098 3297 1272 3338 fugiendo
1300 3308 1425 3330 amore
1450 3298 1624 3332 universo
1650 3298 1805 3338 dicatur,
1830 3298 1906 3331 illic
1931 3299 1977 3332 de
2003 3299 2138 3338 praeda
2162 3305 2200 3331 et

355 3369 551 3409 caedibu83
584 3370 648 3402 sed
683 3380 747 3402 cur
775 3379 849 3402 non
873 3368 1009 3409 fingere
1035 3374 1157 3407 potest
1183 3374 1310 3401 noster
1338 3368 1497 3402 amicum
1523 3369 1627 3402 illum
1652 3368 1795 3403 Amore
1821 3380 1860 3402 se
1885 3368 2065 3402 liberandi
2089 3379 2200 3402 causa

355 3439 393 3472 in
418 3439 554 3473 bellum
579 3439 763 3479 profici-oi
772 3438 792 3472 Ρ

2056 3506 2103 3544 12
