2566 3886
1171 259 1406 305 „-19.m

364 407 572 437 amorem
615 407 675 436 ex
715 392 872 436 animo
917 407 1003 437 suo
1049 392 1284 444 exstirpet.
1326 391 1576 437 Poteratne
1616 392 1810 438 facetius
1857 394 2116 447 significare
2161 409 2211 439 se

364 502 543 532 novum
588 486 718 531 illum
760 487 955 531 rivalem
998 486 1191 531 minime
1232 486 1552 538 reformidare,
1594 487 1770 541 quippe
1811 488 1892 540 qui
1933 488 2082 540 probe
2123 488 2210 533 sibi

362 581 577 626 conscius
614 590 735 626 esset
766 596 876 626 mox
907 582 1036 626 nullo
1066 581 1252 634 negotio
1282 596 1310 625 a
1340 596 1390 626 se
1422 580 1657 634 Cynthiae
1689 582 1906 627 duritiam
1922 583 2099 628 victum
2117 582 2211 628 iri?

363 675 455 721 Sed
497 692 553 721 ea
583 676 741 721 omnia
771 685 822 721 ut
853 676 1008 729 lepide
1040 676 1294 729 excogitata
1325 691 1428 721 esse
1460 677 1670 721 dicamus
1703 677 1885 722 duabus
1917 678 2060 722 rebus
2091 693 2210 731 opus

363 779 444 815 est.
486 771 698 815 Primum
737 771 918 816 discidii
956 769 1086 828 (veri
1123 786 1182 815 an
1220 770 1319 815 falsi
1358 785 1453 814 non
1489 768 1631 829 curo)
1663 771 1907 816 cuiusdam
1939 780 2152 825 tempore
2184 787 2210 816 a

364 865 609 918 Propertio
639 866 809 918 scripta
839 867 955 910 haec
987 880 1089 910 esse
1122 865 1310 910 debent.
1343 865 1608 910 Discidium
1641 866 1767 910 enim
1800 866 1888 910 nisi

363 961 445 1013 qui
490 962 652 1006 alter
698 961 756 1006 in
804 960 1076 1005 alterius
1123 968 1333 1004 mutua
1375 960 1524 1005 flere
1566 961 1707 1006 sinu
1747 959 1843 1019 (vs.
1876 959 1959 1019 30)
2003 961 2209 1014 poterit?

362 1054 543 1100 Tamen
575 1071 701 1100 nunc
732 1055 935 1100 amicum
967 1070 1104 1100 suum
1137 1063 1275 1108 poeta
1306 1064 1434 1108 rogat
1465 1053 1559 1113 (vs.
1593 1053 1670 1113 2):

479 1159 525 1195 et
570 1150 671 1195 sine
714 1165 799 1195 nos
831 1165 985 1203 cursu,
1017 1165 1112 1203 quo
1145 1165 1320 1203 sumus,
1354 1151 1422 1195 ire
1454 1165 1604 1203 pares,
1637 1151 1664 1195 i.
1698 1166 1738 1195 e.
1771 1151 1899 1203 „noli
1931 1151 2206 1203 perturbare

361 1260 519 1290 meum
568 1245 898 1298 Cynthiaeque
944 1258 1180 1296 amorem;
1219 1245 1307 1290 sub
1338 1260 1491 1298 aequo
1522 1261 1608 1291 nos
1640 1246 1740 1291 sine
1771 1247 1943 1291 amoris
1975 1247 2043 1291 ire
2075 1247 2206 1300 iugo;

360 1339 456 1384 noli
502 1340 624 1384 inter
669 1354 754 1384 nos
800 1340 1056 1384 discordias
1099 1355 1257 1385 serere
1295 1341 1480 1392 conari;
1513 1340 1647 1385 vides
1678 1341 1804 1385 enim
1837 1356 1978 1393 quam
2011 1341 2206 1393 pulchre

360 1448 486 1478 nunc
518 1435 639 1479 inter
670 1449 755 1479 nos
787 1435 1080 1479 conveniat”.

361 1530 550 1575 Deinde
581 1530 733 1574 omnis
765 1530 983 1574 carminis
1014 1539 1235 1575 venustas
1260 1530 1379 1582 perit
1396 1531 1695 1583 conciditque
1714 1531 1802 1575 nisi
1819 1532 1918 1583 ipse
1937 1531 2208 1584 Propertius

360 1624 642 1677 quibusdam
689 1625 872 1669 indiciis
919 1625 1072 1669 effecit
1123 1625 1318 1670 rivalem
1352 1626 1438 1670 sibi
1470 1626 1651 1671 absenti
1682 1641 1785 1671 esse
1816 1635 2046 1671 exortum.
2080 1626 2207 1671 Nam

360 1719 398 1764 si
429 1720 586 1772 homo,
619 1720 677 1764 ad
710 1734 852 1772 quem
885 1720 1108 1772 scriptum
1132 1735 1322 1765 carmen
1341 1729 1423 1773 est,
1440 1722 1562 1766 ultro
1578 1736 1787 1765 amorem
1806 1736 1943 1765 suum
1962 1721 2208 1773 Propertio

358 1814 508 1859 fassus
539 1823 673 1866 esset,
706 1823 899 1868 magnae
929 1814 1091 1859 fuisset
1122 1815 1405 1860 crudelilatis
1436 1831 1545 1860 eum
1578 1825 1671 1860 tam
1695 1817 1830 1869 longa
1845 1831 2069 1861 versuum
2088 1816 2208 1861 serie

362 1909 594 1954 deridere.
641 1909 823 1954 Tamen
871 1924 1013 1954 versu
1060 1910 1228 1962 primo,
1275 1910 1496 1963 legimus:

612 2004 787 2056 invide,
827 2013 876 2049 tu
908 2005 1097 2049 tandem
1132 2019 1274 2049 voces
1306 2020 1554 2057 compesce
1586 2006 1816 2050 molestas.

362 2097 422 2142 Et
467 2113 588 2150 quae
635 2099 823 2143 fuerunt
869 2108 979 2152 ergo
1026 2114 1216 2143 voces
1265 2099 1409 2144 illae?
1449 2099 1792 2145 Obsecravitne
1825 2100 2123 2153 Propertium
2157 2110 2207 2145 ut

360 2191 616 2245 Cynthium
659 2193 845 2238 missam
892 2193 1067 2238 faceret
1115 2194 1298 2246 sibique
1345 2195 1632 2248 relinqueret
1660 2194 1686 2239 P
1718 2195 1832 2240 Non
1865 2205 1976 2249 ergo
2008 2196 2206 2248 simplex

360 2288 502 2332 homo
545 2288 629 2332 tuit
660 2285 873 2345 (qualem
912 2303 1020 2333 eum
1058 2289 1202 2334 fuisse
1234 2305 1260 2334 e
1292 2299 1448 2334 cetera
1478 2291 1624 2343 elegia
1653 2290 1789 2334 facile
1821 2287 2087 2348 efficimus),
2121 2292 2203 2335 sed

359 2383 497 2434 plane
555 2382 749 2427 stolidus
805 2383 1113 2436 stupidusque
1172 2392 1218 2428 et
1263 2384 1480 2437 indignus
1524 2385 1605 2437 qui
1652 2393 1744 2429 tam
1793 2385 1951 2429 iocoso
1997 2385 2204 2429 carmine

359 2477 758 2530 perstringeretur.
789 2477 870 2522 An
904 2478 1229 2523 maledicendo
1261 2488 1306 2524 et
1337 2480 1666 2524 calumniando
1696 2480 1927 2532 Propertii
1945 2488 2151 2524 mentem
2178 2495 2206 2524 a

359 2570 567 2623 Cynthia
605 2572 875 2617 abstrahere
906 2582 975 2617 est
1006 2573 1238 2619 conatus?>
1269 2574 1388 2619 Tam
1420 2575 1618 2619 lividum
1652 2575 1932 2628 nigrumque
1963 2575 2203 2620 hominem

358 2675 451 2710 tam
499 2667 665 2712 leniter
710 2682 738 2712 a
782 2676 919 2720 poeta
964 2669 1232 2722 castigatum
1279 2670 1447 2721 credis,
1479 2685 1587 2714 cum
1620 2670 1892 2722 praesertim
1930 2686 2038 2715 eum
2070 2679 2204 2715 antea

358 2761 541 2806 veritati
571 2763 909 2807 convenienter
939 2763 1154 2808 invidum
1187 2764 1491 2816 appellaverit
1507 2763 1562 2807 ?’'

360 2855 435 2900 De
472 2857 699 2902 industria
735 2858 940 2910 priorem
978 2867 1157 2910 partem
1196 2859 1519 2911 disputationis
1556 2859 1794 2911 exscripsi,
1826 2860 1937 2912 quia
1966 2860 2203 2913 timebam,

359 2965 419 2994 ne
479 2950 742 2996 firmissima
801 2961 1071 3005 argumenta
1107 2952 1429 3004 dissolverem,
1469 2954 1507 2997 si
1545 2954 1593 2998 in
1631 2954 1823 2999 brevius
1862 2956 2203 3000 contraherem.

360 3043 548 3089 Deinde
605 3046 942 3091 demonstravit
1003 3046 1292 3091 Hartmanus
1339 3047 1486 3091 verba
1543 3048 1674 3099 quid
1721 3048 1820 3092 tibi
1867 3049 1964 3100 vis,
2011 3049 2203 3093 insane

359 3153 616 3191 numquam
648 3139 695 3183 in
727 3140 884 3184 media
913 3141 1193 3185 allocutione
1226 3141 1352 3192 poni.

360 3231 484 3276 Mihi
539 3233 613 3277 vir
668 3233 949 3279 clarissimus
1005 3250 1196 3286 prorsus
1248 3235 1477 3288 persuasit
1533 3236 1738 3287 primum
1799 3237 1938 3281 huius
1985 3238 2202 3282 carminis

359 3325 590 3370 distichon
620 3327 738 3378 loco,
770 3342 865 3379 quo
897 3337 1132 3373 servatum
1165 3328 1235 3379 sit,
1267 3329 1377 3372 ferri
1409 3343 1504 3373 non
1536 3344 1687 3381 posse.

360 3418 615 3469 Quaeritur
673 3435 814 3473 nunc,
861 3422 988 3466 unde
1034 3424 1231 3467 venerit.
1293 3423 1583 3469 Hartmanus
1629 3440 1794 3470 versus
1835 3426 2007 3471 eiectos
2050 3427 2202 3479 quarti
