2566 3886
329 1910 397 1954 14.

1144 266 1382 313 ,16-

1071 541 1326 587 ELEGIA
1357 542 1443 586 IV.

467 718 626 763 Versu
678 719 878 771 septimo
931 719 1064 764 multi
1111 727 1384 771 corruptum
1431 719 1697 763 habuerunt
1742 719 1802 763 fo
1816 734 1895 764 rm
1909 735 1938 764 0
1950 720 1998 765 si
2044 730 2062 766 t
2074 736 2101 766 e
2117 738 2182 766 m-

466 830 498 867 p
511 829 541 859 o
554 829 578 858 r
591 814 605 859 i
620 829 641 859 s
684 823 822 859 aetas.
865 814 994 859 Inter
1025 814 1316 859 coniecturas
1362 814 1460 859 sola
1491 813 1764 859 Baehrensii
1795 815 1851 859 ia
1861 830 1908 860 m
1923 830 1952 860 0
1965 816 2016 860 si
2046 825 2064 860 t
2077 832 2104 861 e
2118 832 2183 861 m-

466 923 498 961 p
511 924 540 953 o
553 909 639 954 ris
684 924 712 954 a
725 924 751 954 e
766 918 783 953 t
795 924 822 954 a
835 924 856 954 s
900 910 1051 962 placet
1064 924 1076 962 ;
1108 909 1307 954 aliorum
1339 909 1531 954 inventa
1560 910 1728 963 partim
1761 910 1841 955 vix
1874 911 2040 956 Latine
2072 912 2180 964 dici,

466 1004 635 1056 partim
667 1020 729 1049 ne
762 1004 955 1058 intelligi
994 1005 1188 1057 quidem
1220 1020 1358 1059 posse
1390 1006 1625 1050 videntur.
1672 1005 1713 1050 F
1725 1021 1755 1050 o
1767 1021 1791 1050 r
1803 1021 1851 1050 m
1863 1021 1892 1051 o
1905 1021 1926 1051 s
1937 1022 1965 1051 a
2007 1022 2035 1052 a
2047 1022 2074 1052 e
2088 1016 2106 1052 t
2120 1023 2147 1053 a
2159 1023 2181 1053 s

467 1107 623 1144 tamen
673 1115 768 1145 non
814 1100 1040 1145 audacius
1071 1101 1248 1146 dictum
1281 1110 1351 1146 est
1382 1116 1524 1153 quam
1556 1116 1583 1145 a
1596 1116 1627 1145 u
1642 1116 1666 1145 r
1679 1116 1706 1145 e
1719 1116 1746 1145 a
1776 1116 1803 1145 a
1816 1116 1843 1146 e
1857 1109 1914 1146 ta
1927 1116 1962 1146 s.

462 1313 621 1359 Versu
653 1323 820 1359 octavo
852 1330 948 1360 non
980 1315 1144 1359 sinet
1179 1313 1220 1373 1)
1251 1316 1502 1369 legendum
1535 1324 1604 1359 est
1617 1316 1746 1368 quod
1764 1331 1930 1361 manus
1946 1316 2180 1362 recentior

463 1409 638 1454 codicis
681 1409 729 1453 V
772 1410 982 1462 mutavit,
1030 1411 1112 1455 sed
1145 1410 1324 1463 sinat,
1368 1410 1495 1463 quod
1529 1410 1752 1455 exhibent
1795 1409 1856 1455 O.
1905 1410 2179 1464 Requiritur

463 1504 589 1548 enim
621 1505 912 1558 potentialis:
952 1504 1122 1550 Bassus
1154 1504 1401 1558 Propertio
1433 1505 1575 1550 suasit
1607 1514 1658 1550 ut
1689 1504 1945 1558 Cynthiam
1977 1507 2176 1559 deserat,

461 1615 557 1644 non
604 1608 760 1644 tamen
806 1599 1064 1653 Antiopam
1113 1600 1426 1645 Hermionam
1474 1616 1590 1654 quas
1637 1602 1919 1655 mythologia
1968 1602 2178 1646 nominat

461 1695 710 1746 laudando,
742 1694 825 1739 sed
858 1695 1002 1747 ipsius
1034 1704 1199 1747 poetae
1230 1696 1390 1740 aetatis
1421 1696 1612 1748 puellas.

459 1909 618 1955 Versu
668 1910 722 1954 14
770 1910 1092 1956 Rothsteinius
1139 1909 1389 1954 lectionem
1421 1909 1635 1953 traditam
1668 1909 1885 1954 dicere
1916 1910 2174 1956 defendere

458 2014 652 2050 conatus
699 2014 769 2050 est
813 2006 981 2050 collato
1027 2014 1185 2050 sextae
1230 2004 1370 2050 huius
1416 2004 1555 2058 primi
1599 2004 1705 2049 libri
1744 2005 1917 2058 elegiae
1949 2020 2091 2050 versu
2122 2005 2174 2049 7:

458 2101 571 2145 illa
625 2100 776 2145 mihi
837 2100 992 2144 totis
1045 2107 1296 2152 argutat
1343 2099 1640 2144 noctibus
1673 2099 1849 2152 ignes
1895 2101 2024 2152 quod
2055 2100 2173 2145 falso

456 2211 566 2240 eum
599 2195 905 2248 explicavisse
937 2170 1052 2239 mihi
1083 2194 1276 2246 quidem
1309 2209 1584 2248 persuasum
1616 2203 1699 2239 est.
1733 2194 1774 2239 E
1797 2204 2018 2241 contextu
2044 2196 2170 2241 enim

457 2298 582 2342 patet
612 2290 703 2334 hoc
734 2290 840 2334 loco
871 2289 938 2334 sic
969 2304 1072 2334 esse
1104 2290 1413 2334 vertendum:
1463 2290 1622 2334 obiicit
1669 2291 1783 2335 mihi
1830 2306 1967 2335 suum
2018 2291 2065 2335 in
2095 2306 2172 2336 me

456 2400 681 2430 amorem.
730 2384 936 2429 Nostrae
967 2384 1141 2437 elegiae
1172 2384 1277 2429 loco
1307 2384 1532 2438 gaudia
1568 2385 1598 2429 d
1613 2385 1627 2429 i
1642 2400 1786 2430 cere
1818 2386 2171 2438 „Liebesworte

455 2479 716 2532 sprechen'’
748 2478 1006 2532 significare
1037 2493 1175 2532 posse
1207 2494 1363 2531 neque
1386 2494 1445 2524 ex
1461 2480 1575 2524 locis
1591 2495 1710 2533 quos
1724 2480 1831 2525 citat
1849 2480 2170 2526 Rothsteinius

454 2575 652 2620 efficitur
688 2589 845 2626 neque
882 2574 1010 2618 salva
1046 2574 1202 2627 lingua
1238 2589 1447 2627 unquam
1486 2574 1735 2627 quisquam
1773 2575 1840 2620 sic
1871 2576 2054 2620 locutus
2086 2583 2169 2620 est.

455 2670 805 2722 Reponendum
865 2668 1001 2722 igitur
1058 2677 1128 2713 est
1180 2684 1288 2713 cum
1335 2669 1435 2714 fere
1482 2669 1701 2714 omnibus
1745 2670 2002 2715 editoribus
2048 2670 2170 2716 inter

454 2779 573 2816 quos
621 2764 954 2809 Lachmannus
1001 2772 1047 2808 et
1092 2763 1339 2808 Vahlenus
1387 2764 1614 2817 gaudia
1660 2765 1915 2817 ducere,
1947 2765 2075 2817 quod
2108 2780 2168 2810 ex

453 2859 713 2904 Prudentio
744 2859 852 2904 citat
883 2858 1181 2903 Burmannus
1212 2856 1402 2916 (contra
1432 2857 1697 2911 Symmach.
1730 2857 1867 2917 239):

571 2954 738 3007 gaudia
779 2954 958 2998 ducunt
994 2954 1109 2998 festa
1147 2953 1478 2999 Kalendarum.

455 3049 607 3094 Etiam
668 3049 715 3093 in
769 3064 889 3094 voce
944 3057 1117 3093 veste
1136 3045 1179 3106 ²)
1232 3049 1360 3093 viros
1412 3049 1574 3094 doctos
1627 3049 1831 3094 haesisse
1883 3058 2166 3103 magnopere

452 3145 620 3196 miror3
653 3159 675 3189 s
689 3153 706 3189 t
719 3160 743 3189 r
756 3159 784 3189 a
796 3153 823 3197 g
836 3145 895 3189 ul
909 3159 936 3188 a
949 3159 995 3188 m
1028 3144 1043 3188 l
1058 3159 1084 3189 e
1098 3159 1124 3188 c
1139 3144 1183 3188 ti
1215 3144 1316 3188 vult
1332 3152 1482 3195 poeta.
1500 3143 1773 3188 Baehrensii
1789 3143 2164 3188 observationem

369 3381 397 3426 1)
448 3385 502 3418 sic
529 3385 738 3426 Postgatius
764 3385 802 3419 in
826 3385 989 3419 editione
1018 3384 1120 3419 1894.

365 3454 396 3499 ¹)
447 3463 601 3490 mente
634 3457 795 3491 coniecit
822 3455 1080 3498 Marklandun,
1106 3457 1203 3497 quod
1230 3456 1370 3496 recepit
1396 3455 1655 3489 Baehrcnaiun.
