<?xml version="1.0" encoding="UTF-8"?>
<!DOCTYPE html PUBLIC "-//W3C//DTD XHTML 1.0 Transitional//EN"
    "http://www.w3.org/TR/xhtml1/DTD/xhtml1-transitional.dtd">
<html xmlns="http://www.w3.org/1999/xhtml" xml:lang="en" lang="en">
 <head>
  <title>
</title>
<meta http-equiv="Content-Type" content="text/html;charset=utf-8" />
  <meta name='ocr-system' content='tesseract 3.04.00' />
  <meta name='ocr-capabilities' content='ocr_page ocr_carea ocr_par ocr_line ocrx_word'/>
</head>
<body>
  <div class='ocr_page' id='page_1' title='image "./adpropertiicarmi00enkpuoft_0359.png"; bbox 0 0 2566 3886; ppageno 0'>
   <div class='ocr_carea' id='block_1_1' title="bbox 344 755 413 800">
    <p class='ocr_par' dir='ltr' id='par_1_1' title="bbox 344 755 413 800">
     <span class='ocr_line' id='line_1_1' title="bbox 344 755 413 800; baseline -0.014 0"><span class='ocrx_word' id='word_1_1' title='bbox 344 755 413 800; x_wconf 88' lang='lat'><strong>14.</strong></span> 
     </span>
    </p>
   </div>
   <div class='ocr_carea' id='block_1_2' title="bbox 342 1305 414 1350">
    <p class='ocr_par' dir='ltr' id='par_1_2' title="bbox 342 1305 414 1350">
     <span class='ocr_line' id='line_1_2' title="bbox 342 1305 414 1350; baseline -0.014 0"><span class='ocrx_word' id='word_1_2' title='bbox 342 1305 414 1350; x_wconf 88' lang='lat'><strong>21.</strong></span> 
     </span>
    </p>
   </div>
   <div class='ocr_carea' id='block_1_3' title="bbox 342 1849 413 1894">
    <p class='ocr_par' dir='ltr' id='par_1_3' title="bbox 342 1849 413 1894">
     <span class='ocr_line' id='line_1_3' title="bbox 342 1849 413 1894; baseline -0.014 0"><span class='ocrx_word' id='word_1_3' title='bbox 342 1849 413 1894; x_wconf 88' lang='lat'><strong>22.</strong></span> 
     </span>
    </p>
   </div>
   <div class='ocr_carea' id='block_1_4' title="bbox 1132 263 1400 308">
    <p class='ocr_par' dir='ltr' id='par_1_4' title="bbox 1132 263 1400 308">
     <span class='ocr_line' id='line_1_4' title="bbox 1132 263 1400 308; baseline 0 0"><span class='ocrx_word' id='word_1_4' title='bbox 1132 263 1309 308; x_wconf 85' lang='lat'>—343</span> <span class='ocrx_word' id='word_1_5' title='bbox 1342 288 1400 295; x_wconf 90' lang='grc'>-</span> 
     </span>
    </p>
   </div>
   <div class='ocr_carea' id='block_1_5' title="bbox 473 391 2190 533">
    <p class='ocr_par' dir='ltr' id='par_1_5' title="bbox 473 391 2190 533">
     <span class='ocr_line' id='line_1_5' title="bbox 473 391 2190 451; baseline -0.001 -13"><span class='ocrx_word' id='word_1_6' title='bbox 473 394 631 438; x_wconf 85' lang='lat' dir='ltr'><strong>accola</strong></span> <span class='ocrx_word' id='word_1_7' title='bbox 661 393 762 438; x_wconf 89' lang='lat' dir='ltr'><strong>eius</strong></span> <span class='ocrx_word' id='word_1_8' title='bbox 791 394 882 438; x_wconf 92' lang='lat' dir='ltr'><strong>loci</strong></span> <span class='ocrx_word' id='word_1_9' title='bbox 912 391 1003 451; x_wconf 92' lang='lat' dir='ltr'><strong>(sc.</strong></span> <span class='ocrx_word' id='word_1_10' title='bbox 1035 391 1253 451; x_wconf 84' lang='lat' dir='ltr'><strong>Palatii)’&#39;</strong></span> <span class='ocrx_word' id='word_1_11' title='bbox 1274 393 1554 438; x_wconf 86' lang='lat' dir='ltr'><strong>nominatur.</strong></span> <span class='ocrx_word' id='word_1_12' title='bbox 1580 393 1727 438; x_wconf 86' lang='lat' dir='ltr'>Recte</span> <span class='ocrx_word' id='word_1_13' title='bbox 1750 392 1886 446; x_wconf 79' lang='lat' dir='ltr'><strong>igitur</strong></span> <span class='ocrx_word' id='word_1_14' title='bbox 1902 391 2190 437; x_wconf 85' lang='lat' dir='ltr'><strong>Schraderus</strong></span> 
     </span>
     <span class='ocr_line' id='line_1_6' title="bbox 475 488 1019 533; baseline 0 -1"><span class='ocrx_word' id='word_1_15' title='bbox 475 497 634 533; x_wconf 90' lang='lat' dir='ltr'><strong>nostro</strong></span> <span class='ocrx_word' id='word_1_16' title='bbox 665 489 769 533; x_wconf 93' lang='lat' dir='ltr'><strong>loco</strong></span> <span class='ocrx_word' id='word_1_17' title='bbox 797 488 1019 532; x_wconf 89' lang='lat' dir='ltr'><strong>coniecit:</strong></span> 
     </span>
    </p>
   </div>
   <div class='ocr_carea' id='block_1_6' title="bbox 625 581 1911 634">
    <p class='ocr_par' dir='ltr' id='par_1_6' title="bbox 625 581 1911 634">
     <span class='ocr_line' id='line_1_7' title="bbox 625 581 1911 634; baseline -0.001 -7"><span class='ocrx_word' id='word_1_18' title='bbox 625 583 837 627; x_wconf 84' lang='lat' dir='ltr'><strong>accola</strong></span> <span class='ocrx_word' id='word_1_19' title='bbox 868 581 1024 627; x_wconf 87' lang='lat' dir='ltr'><strong>Cacus</strong></span> <span class='ocrx_word' id='word_1_20' title='bbox 1055 590 1167 634; x_wconf 88' lang='lat' dir='ltr'><strong>erat,</strong></span> <span class='ocrx_word' id='word_1_21' title='bbox 1199 582 1454 627; x_wconf 91' lang='lat' dir='ltr'><strong>metuendo</strong></span> <span class='ocrx_word' id='word_1_22' title='bbox 1486 590 1644 634; x_wconf 87' lang='lat' dir='ltr'><strong>raptor</strong></span> <span class='ocrx_word' id='word_1_23' title='bbox 1674 582 1733 626; x_wconf 88' lang='lat' dir='ltr'><strong>ab</strong></span> <span class='ocrx_word' id='word_1_24' title='bbox 1764 590 1911 626; x_wconf 89' lang='lat' dir='ltr'><strong>antro.</strong></span> 
     </span>
    </p>
   </div>
   <div class='ocr_carea' id='block_1_7' title="bbox 474 754 2191 1091">
    <p class='ocr_par' dir='ltr' id='par_1_7' title="bbox 474 754 1407 807">
     <span class='ocr_line' id='line_1_8' title="bbox 474 754 1407 807; baseline -0.002 -7"><span class='ocrx_word' id='word_1_25' title='bbox 474 755 588 800; x_wconf 71' lang='lat' dir='ltr'><strong>furis</strong></span> <span class='ocrx_word' id='word_1_26' title='bbox 618 763 664 799; x_wconf 93' lang='lat' dir='ltr'><strong>et</strong></span> <span class='ocrx_word' id='word_1_27' title='bbox 695 754 965 807; x_wconf 90' lang='lat' dir='ltr'><strong>implacidas</strong></span> <span class='ocrx_word' id='word_1_28' title='bbox 996 754 1138 798; x_wconf 85' lang='lat' dir='ltr'>diruit</span> <span class='ocrx_word' id='word_1_29' title='bbox 1170 754 1238 798; x_wconf 88' lang='lat' dir='ltr'><strong>ira</strong></span> <span class='ocrx_word' id='word_1_30' title='bbox 1267 754 1407 799; x_wconf 89' lang='lat' dir='ltr'><strong>fores.</strong></span> 
     </span>
    </p>

    <p class='ocr_par' dir='ltr' id='par_1_8' title="bbox 474 847 2191 1091">
     <span class='ocr_line' id='line_1_9' title="bbox 476 847 2191 901; baseline -0.001 -8"><span class='ocrx_word' id='word_1_31' title='bbox 476 849 788 893; x_wconf 87' lang='lat' dir='ltr'><strong>Baehrensius</strong></span> <span class='ocrx_word' id='word_1_32' title='bbox 831 850 1031 894; x_wconf 88' lang='lat' dir='ltr'><strong>mavult:</strong></span> <span class='ocrx_word' id='word_1_33' title='bbox 1073 849 1134 893; x_wconf 93' lang='lat' dir='ltr'><strong>in</strong></span> <span class='ocrx_word' id='word_1_34' title='bbox 1169 849 1404 893; x_wconf 81' lang='lat' dir='ltr'><strong>fractas</strong></span> <span class='ocrx_word' id='word_1_35' title='bbox 1443 848 1649 900; x_wconf 91' lang='lat' dir='ltr'><strong>irruit,</strong></span> <span class='ocrx_word' id='word_1_36' title='bbox 1688 848 1771 892; x_wconf 90' lang='lat' dir='ltr'><strong>sed</strong></span> <span class='ocrx_word' id='word_1_37' title='bbox 1809 847 2191 901; x_wconf 85' lang='lat' dir='ltr'><strong>implacidas</strong></span> 
     </span>
     <span class='ocr_line' id='line_1_10' title="bbox 474 941 2189 997; baseline -0.001 -9"><span class='ocrx_word' id='word_1_38' title='bbox 474 952 602 988; x_wconf 90' lang='lat' dir='ltr'><strong>recte</strong></span> <span class='ocrx_word' id='word_1_39' title='bbox 644 952 799 989; x_wconf 89' lang='lat' dir='ltr'><strong>tuetur</strong></span> <span class='ocrx_word' id='word_1_40' title='bbox 840 944 998 996; x_wconf 90' lang='lat' dir='ltr'><strong>Paley‚</strong></span> <span class='ocrx_word' id='word_1_41' title='bbox 1041 943 1122 997; x_wconf 89' lang='lat' dir='ltr'><strong>qui</strong></span> <span class='ocrx_word' id='word_1_42' title='bbox 1167 943 1288 988; x_wconf 88' lang='lat' dir='ltr'><strong>Hor.</strong></span> <span class='ocrx_word' id='word_1_43' title='bbox 1332 942 1391 988; x_wconf 92' lang='lat' dir='ltr'><strong>C.</strong></span> <span class='ocrx_word' id='word_1_44' title='bbox 1436 942 1522 994; x_wconf 90' lang='lat' dir='ltr'><strong>IV,</strong></span> <span class='ocrx_word' id='word_1_45' title='bbox 1566 942 1635 987; x_wconf 87' lang='lat'><strong>14.</strong></span> <span class='ocrx_word' id='word_1_46' title='bbox 1670 942 1725 987; x_wconf 92' lang='lat'><strong>10</strong></span> <span class='ocrx_word' id='word_1_47' title='bbox 1756 942 1889 987; x_wconf 87' lang='lat' dir='ltr'><strong>citat:</strong></span> <span class='ocrx_word' id='word_1_48' title='bbox 1922 941 2189 994; x_wconf 87' lang='lat' dir='ltr'><strong>Geraunos,</strong></span> 
     </span>
     <span class='ocr_line' id='line_1_11' title="bbox 474 1036 2191 1091; baseline 0 -9"><span class='ocrx_word' id='word_1_49' title='bbox 474 1037 775 1090; x_wconf 88' lang='lat' dir='ltr'><strong>implacidum</strong></span> <span class='ocrx_word' id='word_1_50' title='bbox 807 1047 966 1091; x_wconf 82' lang='lat' dir='ltr'><strong>genus.</strong></span> <span class='ocrx_word' id='word_1_51' title='bbox 1010 1036 1407 1089; x_wconf 89' lang='lat' dir='ltr'><strong>Implacidas,</strong></span> <span class='ocrx_word' id='word_1_52' title='bbox 1439 1037 1568 1088; x_wconf 86' lang='lat' dir='ltr'><strong>quod</strong></span> <span class='ocrx_word' id='word_1_53' title='bbox 1600 1036 1898 1089; x_wconf 77' lang='lat' dir='ltr'><strong>grammatice</strong></span> <span class='ocrx_word' id='word_1_54' title='bbox 1929 1037 1988 1081; x_wconf 91' lang='lat' dir='ltr'><strong>ad</strong></span> <span class='ocrx_word' id='word_1_55' title='bbox 2019 1037 2191 1082; x_wconf 88' lang='lat' dir='ltr'><strong>fores</strong></span> 
     </span>
    </p>
   </div>
   <div class='ocr_carea' id='block_1_8' title="bbox 474 1131 1632 1186">
    <p class='ocr_par' dir='ltr' id='par_1_9' title="bbox 474 1131 1632 1186">
     <span class='ocr_line' id='line_1_12' title="bbox 474 1131 1632 1186; baseline -0.003 -8"><span class='ocrx_word' id='word_1_56' title='bbox 474 1133 688 1186; x_wconf 84' lang='lat' dir='ltr'><strong>pertinet,</strong></span> <span class='ocrx_word' id='word_1_57' title='bbox 721 1141 877 1177; x_wconf 91' lang='lat' dir='ltr'><strong>mente</strong></span> <span class='ocrx_word' id='word_1_58' title='bbox 909 1147 1017 1176; x_wconf 92' lang='lat' dir='ltr'><strong>cum</strong></span> <span class='ocrx_word' id='word_1_59' title='bbox 1050 1131 1205 1176; x_wconf 74' lang='lat' dir='ltr'><strong>furis</strong></span> <span class='ocrx_word' id='word_1_60' title='bbox 1236 1131 1632 1184; x_wconf 77' lang='lat' dir='ltr'><strong>coniungendam.</strong></span> 
     </span>
    </p>
   </div>
   <div class='ocr_carea' id='block_1_9' title="bbox 475 1302 2191 1549">
    <p class='ocr_par' dir='ltr' id='par_1_10' title="bbox 475 1302 2191 1549">
     <span class='ocr_line' id='line_1_13' title="bbox 475 1302 1542 1357; baseline -0.002 -8"><span class='ocrx_word' id='word_1_61' title='bbox 475 1304 669 1356; x_wconf 89' lang='lat' dir='ltr'><strong>dixerat,</strong></span> <span class='ocrx_word' id='word_1_62' title='bbox 701 1313 746 1348; x_wconf 90' lang='lat' dir='ltr'><strong>et</strong></span> <span class='ocrx_word' id='word_1_63' title='bbox 777 1304 901 1348; x_wconf 92' lang='lat' dir='ltr'><strong>sicco</strong></span> <span class='ocrx_word' id='word_1_64' title='bbox 932 1312 1118 1357; x_wconf 88' lang='lat' dir='ltr'><strong>torquet</strong></span> <span class='ocrx_word' id='word_1_65' title='bbox 1149 1302 1245 1347; x_wconf 90' lang='lat' dir='ltr'><strong>sitis</strong></span> <span class='ocrx_word' id='word_1_66' title='bbox 1276 1317 1359 1347; x_wconf 91' lang='lat' dir='ltr'><strong>ora</strong></span> <span class='ocrx_word' id='word_1_67' title='bbox 1389 1303 1542 1356; x_wconf 87' lang='lat' dir='ltr'><strong>palato</strong></span> 
     </span>
     <span class='ocr_line' id='line_1_14' title="bbox 476 1397 1717 1450; baseline -0.002 -5"><span class='ocrx_word' id='word_1_68' title='bbox 476 1400 783 1445; x_wconf 90' lang='lat' dir='ltr'><strong>Baehrensius</strong></span> <span class='ocrx_word' id='word_1_69' title='bbox 814 1399 1039 1444; x_wconf 89' lang='lat' dir='ltr'><strong>coniecit:</strong></span> <span class='ocrx_word' id='word_1_70' title='bbox 1072 1398 1189 1443; x_wconf 88' lang='lat' dir='ltr'><strong>dixit</strong></span> <span class='ocrx_word' id='word_1_71' title='bbox 1219 1406 1270 1443; x_wconf 90' lang='lat' dir='ltr'><strong>ut</strong></span> <span class='ocrx_word' id='word_1_72' title='bbox 1300 1399 1430 1450; x_wconf 88' lang='lat' dir='ltr'><strong>haec,</strong></span> <span class='ocrx_word' id='word_1_73' title='bbox 1463 1397 1588 1443; x_wconf 93' lang='lat' dir='ltr'><strong>sicco</strong></span> <span class='ocrx_word' id='word_1_74' title='bbox 1619 1413 1717 1450; x_wconf 89' lang='lat' dir='ltr'><strong>eqs.</strong></span> 
     </span>
     <span class='ocr_line' id='line_1_15' title="bbox 475 1489 2191 1549; baseline -0.002 -10"><span class='ocrx_word' id='word_1_75' title='bbox 475 1493 738 1547; x_wconf 86' lang='lat' dir='ltr'><strong>Simplicior</strong></span> <span class='ocrx_word' id='word_1_76' title='bbox 769 1503 838 1538; x_wconf 92' lang='lat' dir='ltr'><strong>est</strong></span> <span class='ocrx_word' id='word_1_77' title='bbox 868 1493 1137 1538; x_wconf 89' lang='lat' dir='ltr'><strong>coniectura</strong></span> <span class='ocrx_word' id='word_1_78' title='bbox 1169 1492 1435 1538; x_wconf 87' lang='lat' dir='ltr'><strong>Housmani</strong></span> <span class='ocrx_word' id='word_1_79' title='bbox 1467 1489 1610 1549; x_wconf 87' lang='lat' dir='ltr'><strong>(JPh.</strong></span> <span class='ocrx_word' id='word_1_80' title='bbox 1639 1491 1761 1537; x_wconf 90' lang='lat' dir='ltr'><strong>XVI</strong></span> <span class='ocrx_word' id='word_1_81' title='bbox 1785 1507 1829 1544; x_wconf 91' lang='lat' dir='ltr'><strong>p.</strong></span> <span class='ocrx_word' id='word_1_82' title='bbox 1860 1489 1964 1549; x_wconf 87' lang='lat'>15):</span> <span class='ocrx_word' id='word_1_83' title='bbox 1997 1491 2191 1544; x_wconf 84' lang='lat' dir='ltr'><strong>dixerat,</strong></span> 
     </span>
    </p>
   </div>
   <div class='ocr_carea' id='block_1_10' title="bbox 474 1588 1528 1734">
    <p class='ocr_par' dir='ltr' id='par_1_11' title="bbox 474 1588 1528 1734">
     <span class='ocr_line' id='line_1_16' title="bbox 474 1588 819 1642; baseline 0 -9"><span class='ocrx_word' id='word_1_84' title='bbox 474 1597 532 1633; x_wconf 85' lang='lat' dir='ltr'><strong>at</strong></span> <span class='ocrx_word' id='word_1_85' title='bbox 567 1588 692 1633; x_wconf 91' lang='lat' dir='ltr'><strong>sicco</strong></span> <span class='ocrx_word' id='word_1_86' title='bbox 722 1603 819 1642; x_wconf 87' lang='lat' dir='ltr'><strong>eqs.</strong></span> 
     </span>
     <span class='ocr_line' id='line_1_17' title="bbox 477 1681 1528 1734; baseline -0.002 -6"><span class='ocrx_word' id='word_1_87' title='bbox 477 1682 569 1728; x_wconf 94' lang='lat' dir='ltr'><strong>Sed</strong></span> <span class='ocrx_word' id='word_1_88' title='bbox 601 1683 763 1727; x_wconf 74' lang='lat' dir='ltr'><strong>confer</strong></span> <span class='ocrx_word' id='word_1_89' title='bbox 794 1682 1141 1727; x_wconf 88' lang='lat' dir='ltr'><strong>Rothsteinium</strong></span> <span class='ocrx_word' id='word_1_90' title='bbox 1173 1682 1231 1726; x_wconf 91' lang='lat' dir='ltr'><strong>ad</strong></span> <span class='ocrx_word' id='word_1_91' title='bbox 1265 1681 1351 1733; x_wconf 86' lang='lat' dir='ltr'><strong>IV,</strong></span> <span class='ocrx_word' id='word_1_92' title='bbox 1383 1682 1424 1734; x_wconf 88' lang='lat'><strong>4,</strong></span> <span class='ocrx_word' id='word_1_93' title='bbox 1456 1681 1528 1727; x_wconf 88' lang='lat'><strong>67.</strong></span> 
     </span>
    </p>
   </div>
   <div class='ocr_carea' id='block_1_11' title="bbox 474 1847 2193 2378">
    <p class='ocr_par' dir='ltr' id='par_1_12' title="bbox 475 1847 1525 1902">
     <span class='ocr_line' id='line_1_18' title="bbox 475 1847 1525 1902; baseline -0.002 -8"><span class='ocrx_word' id='word_1_94' title='bbox 475 1858 691 1902; x_wconf 89' lang='lat' dir='ltr'><strong>terraque</strong></span> <span class='ocrx_word' id='word_1_95' title='bbox 722 1863 817 1893; x_wconf 91' lang='lat' dir='ltr'><strong>non</strong></span> <span class='ocrx_word' id='word_1_96' title='bbox 851 1848 966 1893; x_wconf 88' lang='lat' dir='ltr'><strong>ullas</strong></span> <span class='ocrx_word' id='word_1_97' title='bbox 997 1848 1091 1893; x_wconf 87' lang='lat' dir='ltr'><strong>feta</strong></span> <span class='ocrx_word' id='word_1_98' title='bbox 1122 1847 1351 1892; x_wconf 80' lang='lat' dir='ltr'><strong>ministrat</strong></span> <span class='ocrx_word' id='word_1_99' title='bbox 1381 1862 1525 1900; x_wconf 87' lang='lat' dir='ltr'><strong>aquas</strong></span> 
     </span>
    </p>

    <p class='ocr_par' dir='ltr' id='par_1_13' title="bbox 474 1941 2193 2378">
     <span class='ocr_line' id='line_1_19' title="bbox 475 1941 2191 1995; baseline -0.001 -7"><span class='ocrx_word' id='word_1_100' title='bbox 475 1944 563 1988; x_wconf 90' lang='lat' dir='ltr'><strong>nisi</strong></span> <span class='ocrx_word' id='word_1_101' title='bbox 607 1958 723 1988; x_wconf 90' lang='lat' dir='ltr'><strong>non</strong></span> <span class='ocrx_word' id='word_1_102' title='bbox 767 1943 904 1987; x_wconf 88' lang='lat' dir='ltr'><strong>etiam</strong></span> <span class='ocrx_word' id='word_1_103' title='bbox 948 1958 1057 1987; x_wconf 92' lang='lat' dir='ltr'><strong>cum</strong></span> <span class='ocrx_word' id='word_1_104' title='bbox 1101 1957 1220 1987; x_wconf 89' lang='lat' dir='ltr'><strong>voce</strong></span> <span class='ocrx_word' id='word_1_105' title='bbox 1263 1943 1389 1987; x_wconf 77' lang='lat' dir='ltr'><strong>feta</strong></span> <span class='ocrx_word' id='word_1_106' title='bbox 1431 1941 1740 1995; x_wconf 78' lang='lat' dir='ltr'><strong>coniungitur,</strong></span> <span class='ocrx_word' id='word_1_107' title='bbox 1782 1950 2053 1995; x_wconf 86' lang='lat' dir='ltr'><strong>corruptum</strong></span> <span class='ocrx_word' id='word_1_108' title='bbox 2088 1957 2191 1987; x_wconf 91' lang='lat' dir='ltr'><strong>esse</strong></span> 
     </span>
     <span class='ocr_line' id='line_1_20' title="bbox 475 2034 2192 2094; baseline -0.001 -11"><span class='ocrx_word' id='word_1_109' title='bbox 475 2038 771 2083; x_wconf 90' lang='lat' dir='ltr'><strong>statuendum</strong></span> <span class='ocrx_word' id='word_1_110' title='bbox 803 2046 885 2082; x_wconf 89' lang='lat' dir='ltr'><strong>est.</strong></span> <span class='ocrx_word' id='word_1_111' title='bbox 919 2037 1137 2082; x_wconf 84' lang='lat' dir='ltr'><strong>Fortasse</strong></span> <span class='ocrx_word' id='word_1_112' title='bbox 1169 2037 1305 2090; x_wconf 83' lang='lat' dir='ltr'><strong>igitur</strong></span> <span class='ocrx_word' id='word_1_113' title='bbox 1335 2051 1444 2081; x_wconf 92' lang='lat' dir='ltr'><strong>cum</strong></span> <span class='ocrx_word' id='word_1_114' title='bbox 1477 2036 1628 2081; x_wconf 91' lang='lat' dir='ltr'><strong>Keilio</strong></span> <span class='ocrx_word' id='word_1_115' title='bbox 1659 2034 1891 2094; x_wconf 88' lang='lat' dir='ltr'><strong>(Observ.</strong></span> <span class='ocrx_word' id='word_1_116' title='bbox 1920 2037 2021 2082; x_wconf 91' lang='lat' dir='ltr'><strong>crit.</strong></span> <span class='ocrx_word' id='word_1_117' title='bbox 2043 2053 2088 2091; x_wconf 91' lang='lat' dir='ltr'><strong>p.</strong></span> <span class='ocrx_word' id='word_1_118' title='bbox 2109 2034 2192 2094; x_wconf 90' lang='lat'><strong>18)</strong></span> 
     </span>
     <span class='ocr_line' id='line_1_21' title="bbox 475 2130 2192 2185; baseline -0.001 -7"><span class='ocrx_word' id='word_1_119' title='bbox 475 2142 638 2178; x_wconf 91' lang='lat' dir='ltr'><strong>tosta</strong></span> <span class='ocrx_word' id='word_1_120' title='bbox 680 2132 1031 2185; x_wconf 80' lang='lat' dir='ltr'><strong>reponendum3</strong></span> <span class='ocrx_word' id='word_1_121' title='bbox 1074 2147 1168 2176; x_wconf 91' lang='lat' dir='ltr'><strong>non</strong></span> <span class='ocrx_word' id='word_1_122' title='bbox 1211 2141 1368 2176; x_wconf 92' lang='lat' dir='ltr'><strong>tamen</strong></span> <span class='ocrx_word' id='word_1_123' title='bbox 1414 2132 1542 2185; x_wconf 87' lang='lat' dir='ltr'><strong>quod</strong></span> <span class='ocrx_word' id='word_1_124' title='bbox 1586 2131 1633 2175; x_wconf 87' lang='lat' dir='ltr'><strong>in</strong></span> <span class='ocrx_word' id='word_1_125' title='bbox 1678 2130 1985 2185; x_wconf 81' lang='lat' dir='ltr'><strong>Groningano</strong></span> <span class='ocrx_word' id='word_1_126' title='bbox 2031 2132 2192 2176; x_wconf 75' lang='lat' dir='ltr'><strong>festa</strong></span> 
     </span>
     <span class='ocr_line' id='line_1_22' title="bbox 474 2224 2192 2284; baseline -0.001 -11"><span class='ocrx_word' id='word_1_127' title='bbox 474 2228 682 2281; x_wconf 81' lang='lat' dir='ltr'><strong>legimus,</strong></span> <span class='ocrx_word' id='word_1_128' title='bbox 714 2235 987 2280; x_wconf 81' lang='lat' dir='ltr'><strong>argumento</strong></span> <span class='ocrx_word' id='word_1_129' title='bbox 1034 2241 1136 2271; x_wconf 94' lang='lat' dir='ltr'><strong>esse</strong></span> <span class='ocrx_word' id='word_1_130' title='bbox 1173 2234 1338 2279; x_wconf 86' lang='lat' dir='ltr'><strong>potest,</strong></span> <span class='ocrx_word' id='word_1_131' title='bbox 1380 2224 1458 2284; x_wconf 91' lang='lat' dir='ltr'><strong>(ut</strong></span> <span class='ocrx_word' id='word_1_132' title='bbox 1498 2227 1598 2270; x_wconf 90' lang='lat' dir='ltr'><strong>vult</strong></span> <span class='ocrx_word' id='word_1_133' title='bbox 1640 2226 2008 2278; x_wconf 89' lang='lat' dir='ltr'><strong>Luetiohannus,</strong></span> <span class='ocrx_word' id='word_1_134' title='bbox 2049 2225 2192 2271; x_wconf 90' lang='lat' dir='ltr'><strong>Com-</strong></span> 
     </span>
     <span class='ocr_line' id='line_1_23' title="bbox 475 2318 2193 2378; baseline -0.001 -11"><span class='ocrx_word' id='word_1_135' title='bbox 475 2331 617 2367; x_wconf 89' lang='lat' dir='ltr'><strong>ment.</strong></span> <span class='ocrx_word' id='word_1_136' title='bbox 662 2321 802 2375; x_wconf 86' lang='lat' dir='ltr'><strong>Prop.</strong></span> <span class='ocrx_word' id='word_1_137' title='bbox 834 2336 879 2373; x_wconf 87' lang='lat' dir='ltr'><strong>p.</strong></span> <span class='ocrx_word' id='word_1_138' title='bbox 911 2318 966 2378; x_wconf 91' lang='lat'><strong>6)</strong></span> <span class='ocrx_word' id='word_1_139' title='bbox 1008 2320 1211 2366; x_wconf 91' lang='lat' dir='ltr'><strong>Keilium</strong></span> <span class='ocrx_word' id='word_1_140' title='bbox 1250 2336 1415 2365; x_wconf 89' lang='lat' dir='ltr'><strong>verum</strong></span> <span class='ocrx_word' id='word_1_141' title='bbox 1449 2320 1650 2373; x_wconf 76' lang='lat' dir='ltr'><strong>vidisse3</strong></span> <span class='ocrx_word' id='word_1_142' title='bbox 1682 2336 1776 2366; x_wconf 86' lang='lat' dir='ltr'><strong>vox</strong></span> <span class='ocrx_word' id='word_1_143' title='bbox 1808 2336 1903 2366; x_wconf 92' lang='lat' dir='ltr'><strong>non</strong></span> <span class='ocrx_word' id='word_1_144' title='bbox 1936 2321 1998 2366; x_wconf 87' lang='lat' dir='ltr'><strong>ita</strong></span> <span class='ocrx_word' id='word_1_145' title='bbox 2029 2321 2193 2366; x_wconf 89' lang='lat' dir='ltr'><strong>usitata</strong></span> 
     </span>
    </p>
   </div>
   <div class='ocr_carea' id='block_1_12' title="bbox 474 2415 1087 2468">
    <p class='ocr_par' dir='ltr' id='par_1_14' title="bbox 474 2415 1087 2468">
     <span class='ocr_line' id='line_1_24' title="bbox 474 2415 1087 2468; baseline -0.002 -7"><span class='ocrx_word' id='word_1_146' title='bbox 474 2431 502 2461; x_wconf 90' lang='lat' dir='ltr'><strong>a</strong></span> <span class='ocrx_word' id='word_1_147' title='bbox 532 2415 722 2461; x_wconf 86' lang='lat' dir='ltr'><strong>librario</strong></span> <span class='ocrx_word' id='word_1_148' title='bbox 754 2424 974 2468; x_wconf 87' lang='lat' dir='ltr'><strong>corrupta</strong></span> <span class='ocrx_word' id='word_1_149' title='bbox 1004 2424 1087 2461; x_wconf 93' lang='lat' dir='ltr'><strong>est.</strong></span> 
     </span>
    </p>
   </div>
   <div class='ocr_carea' id='block_1_13' title="bbox 341 2587 1658 2641">
    <p class='ocr_par' dir='ltr' id='par_1_15' title="bbox 341 2587 1658 2641">
     <span class='ocr_line' id='line_1_25' title="bbox 341 2587 1658 2641; baseline -0.001 -8"><span class='ocrx_word' id='word_1_150' title='bbox 341 2587 412 2633; x_wconf 89' lang='grc'><strong>23.</strong></span> <span class='ocrx_word' id='word_1_151' title='bbox 444 2588 516 2633; x_wconf 88' lang='grc'><strong>24.</strong></span> <span class='ocrx_word' id='word_1_152' title='bbox 578 2588 660 2633; x_wconf 91' lang='lat' dir='ltr'><strong>sed</strong></span> <span class='ocrx_word' id='word_1_153' title='bbox 692 2587 856 2640; x_wconf 90' lang='lat' dir='ltr'><strong>procul</strong></span> <span class='ocrx_word' id='word_1_154' title='bbox 888 2587 1088 2632; x_wconf 89' lang='lat' dir='ltr'><strong>inclusas</strong></span> <span class='ocrx_word' id='word_1_155' title='bbox 1119 2587 1249 2632; x_wconf 89' lang='lat' dir='ltr'><strong>audit</strong></span> <span class='ocrx_word' id='word_1_156' title='bbox 1279 2587 1435 2632; x_wconf 87' lang='lat' dir='ltr'><strong>ridere</strong></span> <span class='ocrx_word' id='word_1_157' title='bbox 1466 2587 1658 2641; x_wconf 88' lang='lat' dir='ltr'><strong>puellas.</strong></span> 
     </span>
    </p>
   </div>
   <div class='ocr_carea' id='block_1_14' title="bbox 475 2681 2191 3394">
    <p class='ocr_par' dir='ltr' id='par_1_16' title="bbox 624 2681 1653 2727">
     <span class='ocr_line' id='line_1_26' title="bbox 624 2681 1653 2727; baseline -0.001 0"><span class='ocrx_word' id='word_1_158' title='bbox 624 2683 757 2727; x_wconf 92' lang='lat' dir='ltr'><strong>lucus</strong></span> <span class='ocrx_word' id='word_1_159' title='bbox 788 2682 847 2727; x_wconf 88' lang='lat' dir='ltr'><strong>ab</strong></span> <span class='ocrx_word' id='word_1_160' title='bbox 879 2682 1103 2727; x_wconf 91' lang='lat' dir='ltr'><strong>umbroso</strong></span> <span class='ocrx_word' id='word_1_161' title='bbox 1132 2682 1307 2727; x_wconf 84' lang='lat' dir='ltr'><strong>fecerat</strong></span> <span class='ocrx_word' id='word_1_162' title='bbox 1338 2681 1454 2726; x_wconf 92' lang='lat' dir='ltr'><strong>orbe</strong></span> <span class='ocrx_word' id='word_1_163' title='bbox 1486 2695 1653 2726; x_wconf 91' lang='lat' dir='ltr'><strong>nemus</strong></span> 
     </span>
    </p>

    <p class='ocr_par' dir='ltr' id='par_1_17' title="bbox 475 2775 2191 3018">
     <span class='ocr_line' id='line_1_27' title="bbox 475 2775 2191 2830; baseline 0 -10"><span class='ocrx_word' id='word_1_164' title='bbox 475 2777 773 2821; x_wconf 87' lang='lat' dir='ltr'><strong>Pentameter</strong></span> <span class='ocrx_word' id='word_1_165' title='bbox 804 2777 974 2821; x_wconf 89' lang='lat' dir='ltr'><strong>misere</strong></span> <span class='ocrx_word' id='word_1_166' title='bbox 1004 2785 1252 2830; x_wconf 89' lang='lat' dir='ltr'><strong>corruptus</strong></span> <span class='ocrx_word' id='word_1_167' title='bbox 1275 2785 1369 2828; x_wconf 91' lang='lat' dir='ltr'><strong>est;</strong></span> <span class='ocrx_word' id='word_1_168' title='bbox 1396 2776 1525 2828; x_wconf 86' lang='lat' dir='ltr'><strong>quod</strong></span> <span class='ocrx_word' id='word_1_169' title='bbox 1546 2776 1706 2827; x_wconf 88' lang='lat' dir='ltr'><strong>verba,</strong></span> <span class='ocrx_word' id='word_1_170' title='bbox 1723 2784 1789 2820; x_wconf 92' lang='lat' dir='ltr'><strong>tot</strong></span> <span class='ocrx_word' id='word_1_171' title='bbox 1803 2775 2000 2821; x_wconf 78' lang='lat' dir='ltr'><strong>menda!</strong></span> <span class='ocrx_word' id='word_1_172' title='bbox 2032 2777 2191 2821; x_wconf 92' lang='lat' dir='ltr'><strong>lucus</strong></span> 
     </span>
     <span class='ocr_line' id='line_1_28' title="bbox 476 2869 2189 2924; baseline -0.001 -9"><span class='ocrx_word' id='word_1_173' title='bbox 476 2879 523 2916; x_wconf 91' lang='lat' dir='ltr'><strong>et</strong></span> <span class='ocrx_word' id='word_1_174' title='bbox 552 2885 766 2914; x_wconf 89' lang='lat' dir='ltr'><strong>nemus</strong></span> <span class='ocrx_word' id='word_1_175' title='bbox 798 2870 874 2914; x_wconf 89' lang='lat' dir='ltr'><strong>hic</strong></span> <span class='ocrx_word' id='word_1_176' title='bbox 905 2871 1015 2915; x_wconf 78' lang='lat' dir='ltr'><strong>ferri</strong></span> <span class='ocrx_word' id='word_1_177' title='bbox 1046 2886 1142 2915; x_wconf 92' lang='lat' dir='ltr'><strong>non</strong></span> <span class='ocrx_word' id='word_1_178' title='bbox 1173 2878 1391 2924; x_wconf 86' lang='lat' dir='ltr'><strong>possunt:</strong></span> <span class='ocrx_word' id='word_1_179' title='bbox 1423 2869 1538 2914; x_wconf 90' lang='lat' dir='ltr'><strong>nihil</strong></span> <span class='ocrx_word' id='word_1_180' title='bbox 1557 2871 1750 2922; x_wconf 90' lang='lat' dir='ltr'><strong>prodest</strong></span> <span class='ocrx_word' id='word_1_181' title='bbox 1768 2885 1876 2915; x_wconf 91' lang='lat' dir='ltr'><strong>cum</strong></span> <span class='ocrx_word' id='word_1_182' title='bbox 1894 2870 2189 2915; x_wconf 92' lang='lat' dir='ltr'><strong>Rothsteinio</strong></span> 
     </span>
     <span class='ocr_line' id='line_1_29' title="bbox 479 2979 776 3018; baseline -0.007 -8"><span class='ocrx_word' id='word_1_183' title='bbox 479 2979 776 3018; x_wconf 88' lang='lat' dir='ltr'><strong>comparare:</strong></span> 
     </span>
    </p>

    <p class='ocr_par' dir='ltr' id='par_1_18' title="bbox 477 3057 2191 3394">
     <span class='ocr_line' id='line_1_30' title="bbox 477 3057 2190 3112; baseline 0 -9"><span class='ocrx_word' id='word_1_184' title='bbox 477 3059 571 3104; x_wconf 87' lang='lat' dir='ltr'><strong>Ov.</strong></span> <span class='ocrx_word' id='word_1_185' title='bbox 618 3059 714 3103; x_wconf 83' lang='lat' dir='ltr'><strong>Ars</strong></span> <span class='ocrx_word' id='word_1_186' title='bbox 761 3059 847 3110; x_wconf 87' lang='grc' dir='ltr'><strong>ΙΙΙ,</strong></span> <span class='ocrx_word' id='word_1_187' title='bbox 894 3057 1004 3103; x_wconf 89' lang='lat'>689:</span> <span class='ocrx_word' id='word_1_188' title='bbox 1053 3059 1169 3103; x_wconf 87' lang='lat' dir='ltr'><strong>silva</strong></span> <span class='ocrx_word' id='word_1_189' title='bbox 1208 3074 1376 3104; x_wconf 91' lang='lat' dir='ltr'><strong>nemus</strong></span> <span class='ocrx_word' id='word_1_190' title='bbox 1419 3074 1515 3103; x_wconf 92' lang='lat' dir='ltr'><strong>non</strong></span> <span class='ocrx_word' id='word_1_191' title='bbox 1558 3059 1649 3103; x_wconf 89' lang='lat' dir='ltr'><strong>alta</strong></span> <span class='ocrx_word' id='word_1_192' title='bbox 1690 3058 1821 3110; x_wconf 72' lang='lat' dir='ltr'><strong>facitz</strong></span> <span class='ocrx_word' id='word_1_193' title='bbox 1866 3073 2021 3112; x_wconf 88' lang='lat' dir='ltr'><strong>neque</strong></span> <span class='ocrx_word' id='word_1_194' title='bbox 2063 3058 2190 3103; x_wconf 86' lang='lat' dir='ltr'><strong>enirn</strong></span> 
     </span>
     <span class='ocr_line' id='line_1_31' title="bbox 477 3152 2189 3206; baseline 0.001 -9"><span class='ocrx_word' id='word_1_195' title='bbox 477 3153 724 3206; x_wconf 87' lang='lat' dir='ltr'><strong>quisquam</strong></span> <span class='ocrx_word' id='word_1_196' title='bbox 768 3153 946 3206; x_wconf 81' lang='lat' dir='ltr'><strong>ignorat</strong></span> <span class='ocrx_word' id='word_1_197' title='bbox 990 3167 1158 3197; x_wconf 90' lang='lat' dir='ltr'><strong>vocem</strong></span> <span class='ocrx_word' id='word_1_198' title='bbox 1206 3153 1369 3197; x_wconf 90' lang='lat' dir='ltr'><strong>silva</strong></span> <span class='ocrx_word' id='word_1_199' title='bbox 1415 3168 1553 3206; x_wconf 88' lang='lat' dir='ltr'><strong>saepe</strong></span> <span class='ocrx_word' id='word_1_200' title='bbox 1599 3152 1862 3197; x_wconf 90' lang='lat' dir='ltr'><strong>arbores</strong></span> <span class='ocrx_word' id='word_1_201' title='bbox 1907 3153 2189 3206; x_wconf 75' lang='lat' dir='ltr'><strong>significare3</strong></span> 
     </span>
     <span class='ocr_line' id='line_1_32' title="bbox 477 3246 2190 3300; baseline -0.001 -8"><span class='ocrx_word' id='word_1_202' title='bbox 477 3248 537 3292; x_wconf 91' lang='lat' dir='ltr'><strong>lu</strong></span> <span class='ocrx_word' id='word_1_203' title='bbox 550 3263 576 3292; x_wconf 92' lang='lat' dir='ltr'><strong>c</strong></span> <span class='ocrx_word' id='word_1_204' title='bbox 590 3263 621 3292; x_wconf 93' lang='lat' dir='ltr'><strong>u</strong></span> <span class='ocrx_word' id='word_1_205' title='bbox 635 3263 656 3292; x_wconf 93' lang='lat' dir='ltr'><strong>s</strong></span> <span class='ocrx_word' id='word_1_206' title='bbox 687 3262 803 3291; x_wconf 89' lang='lat' dir='ltr'><strong>vero</strong></span> <span class='ocrx_word' id='word_1_207' title='bbox 834 3262 892 3291; x_wconf 91' lang='lat' dir='ltr'><strong>eo</strong></span> <span class='ocrx_word' id='word_1_208' title='bbox 920 3262 1059 3292; x_wconf 90' lang='lat' dir='ltr'><strong>sensu</strong></span> <span class='ocrx_word' id='word_1_209' title='bbox 1076 3261 1306 3300; x_wconf 89' lang='lat' dir='ltr'><strong>nusquam</strong></span> <span class='ocrx_word' id='word_1_210' title='bbox 1325 3247 1575 3291; x_wconf 90' lang='lat' dir='ltr'><strong>invenitur.</strong></span> <span class='ocrx_word' id='word_1_211' title='bbox 1593 3246 1724 3299; x_wconf 78' lang='lat' dir='ltr'><strong>Piget</strong></span> <span class='ocrx_word' id='word_1_212' title='bbox 1742 3247 1934 3299; x_wconf 88' lang='lat' dir='ltr'><strong>referre,</strong></span> <span class='ocrx_word' id='word_1_213' title='bbox 1951 3248 2190 3299; x_wconf 87' lang='lat' dir='ltr'><strong>quomodo</strong></span> 
     </span>
     <span class='ocr_line' id='line_1_33' title="bbox 478 3340 2191 3394; baseline -0.001 -8"><span class='ocrx_word' id='word_1_214' title='bbox 478 3341 796 3386; x_wconf 91' lang='lat' dir='ltr'><strong>Rothsteinius</strong></span> <span class='ocrx_word' id='word_1_215' title='bbox 841 3341 988 3385; x_wconf 88' lang='lat' dir='ltr'><strong>verba</strong></span> <span class='ocrx_word' id='word_1_216' title='bbox 1028 3349 1188 3393; x_wconf 87' lang='lat' dir='ltr'><strong>aperte</strong></span> <span class='ocrx_word' id='word_1_217' title='bbox 1231 3350 1451 3394; x_wconf 89' lang='lat' dir='ltr'><strong>corrupta</strong></span> <span class='ocrx_word' id='word_1_218' title='bbox 1492 3341 1726 3394; x_wconf 86' lang='lat' dir='ltr'><strong>explicare</strong></span> <span class='ocrx_word' id='word_1_219' title='bbox 1771 3349 1981 3385; x_wconf 90' lang='lat' dir='ltr'><strong>conetur.</strong></span> <span class='ocrx_word' id='word_1_220' title='bbox 2013 3340 2191 3386; x_wconf 87' lang='lat' dir='ltr'><strong>Noster</strong></span> 
     </span>
    </p>
   </div>
   <div class='ocr_carea' id='block_1_15' title="bbox 477 3434 1534 3480">
    <p class='ocr_par' dir='ltr' id='par_1_19' title="bbox 477 3434 1534 3480">
     <span class='ocr_line' id='line_1_34' title="bbox 477 3434 1534 3480; baseline -0.001 0"><span class='ocrx_word' id='word_1_221' title='bbox 477 3436 607 3480; x_wconf 86' lang='lat' dir='ltr'><strong>locus</strong></span> <span class='ocrx_word' id='word_1_222' title='bbox 637 3435 904 3480; x_wconf 76' lang='lat' dir='ltr'><strong>fortioribus</strong></span> <span class='ocrx_word' id='word_1_223' title='bbox 935 3434 1156 3480; x_wconf 90' lang='lat' dir='ltr'><strong>remediis</strong></span> <span class='ocrx_word' id='word_1_224' title='bbox 1187 3435 1420 3480; x_wconf 85' lang='lat' dir='ltr'><strong>sanandus</strong></span> <span class='ocrx_word' id='word_1_225' title='bbox 1451 3444 1534 3480; x_wconf 89' lang='lat' dir='ltr'><strong>est.</strong></span> 
     </span>
    </p>
   </div>
  </div>
 </body>
</html>
