2566 3886
1125 268 1363 315 ,84-

450 399 543 447 His
574 401 737 446 saltem
770 409 821 446 ut
851 410 1013 447 tenear
1045 402 1136 446 iam
1168 402 1365 454 finibus;
1397 417 1425 446 a
1444 399 1485 460 1)
1516 401 1645 453 mihi,
1677 401 1837 455 siquis.

564 497 718 542 acrius
749 506 799 543 ut
830 497 1018 550 moriar,
1050 497 1230 543 venerit
1264 498 1380 542 alter
1410 496 1562 542 amorl

447 593 703 645 Quomodo
769 608 878 638 cum
946 593 1250 646 sequentibus
1317 593 1612 645 cohaereant,
1665 592 1942 647 quaesivere
2003 595 2165 648 multi:

445 689 640 733 omnino
670 689 925 734 cohaerere
957 697 1127 742 negant
1156 688 1247 733 viri
1278 688 1404 734 docti
1436 688 1686 734 Housman
1718 697 1765 733 et
1797 688 2023 743 Postgate.

446 782 676 829 Concedo
707 783 745 829 si
776 784 881 838 quis
912 785 1156 830 transitum
1187 784 1370 838 quaerit
1400 785 1459 829 ad
1490 799 1656 830 versus

563 895 617 925 ac
660 880 806 925 veluti
848 879 1002 933 primo
1043 889 1204 926 taurus
1245 881 1470 926 detrectat
1505 888 1669 933 aratra,

682 983 788 1028 post
817 975 947 1020 venit
977 984 1161 1021 assueto
1192 975 1345 1021 mollis
1375 976 1435 1020 ad
1466 990 1580 1021 arva
1610 975 1717 1028 iugo

448 1085 558 1115 eum
591 1071 844 1116 haesurum
876 1086 993 1116 esse.
1025 1070 1118 1116 Sed
1150 1072 1251 1125 lege
1282 1071 1398 1116 mihi
1429 1086 1604 1125 quaeso
1631 1078 1773 1115 totam
1797 1069 1991 1123 elegiam
2025 1085 2167 1124 quam

445 1165 733 1212 Schraderus
750 1167 1006 1220 proposuit.
1039 1167 1169 1219 Quid
1202 1167 1337 1212 nobis
1369 1166 1481 1212 dicit
1511 1164 1741 1212 carmen?
1773 1165 1918 1210 Estne
1943 1181 2091 1211 unum
2107 1181 2167 1212 an

445 1278 505 1308 ex
551 1263 718 1317 pannis
764 1262 1053 1308 consutum?
1100 1262 1330 1315 Queritur
1382 1270 1520 1315 poeta
1564 1287 1622 1293 —
1667 1262 1830 1306 beatus
1874 1276 1970 1306 non
2013 1261 2105 1307 iam
2124 1259 2168 1320 ⁹)

447 1368 517 1404 est
550 1383 606 1390 —
638 1359 767 1412 quod
799 1359 983 1411 puellae
999 1367 1093 1403 tam
1111 1358 1327 1403 difficiles
1343 1358 1453 1411 sint3
1476 1357 1708 1403 Amorem
1725 1372 1821 1411 quo
1837 1372 1964 1402 nunc
1981 1365 2167 1402 tenetur

445 1453 738 1507 aliquatenus
786 1454 912 1499 ferre
959 1463 1124 1507 potest,
1171 1455 1255 1499 sed
1300 1469 1369 1506 ,‚a,
1416 1453 1454 1498 si
1492 1453 1597 1507 quis
1627 1453 1743 1498 alter
1773 1453 1958 1498 venerit
1987 1453 2162 1498 amor”.

447 1548 576 1594 Nam
608 1549 723 1603 quid
755 1549 1018 1595 amantibus
1049 1550 1297 1594 ferendum
1329 1549 1399 1601 sit,
1431 1548 1570 1593 nimis
1602 1548 1724 1593 bene
1755 1549 1854 1594 scit.
1877 1548 2039 1594 Primo
2055 1548 2163 1594 licet

451 1653 660 1689 amantes
711 1653 987 1699 repugnent,
1039 1645 1213 1690 deinde
1265 1644 1424 1689 omnia
1474 1644 1530 1689 iis
1566 1645 1763 1690 ferenda
1797 1653 1905 1690 sunt
1947 1641 2062 1703 (ΙΙΙ,
2106 1644 2162 1690 47

443 1765 501 1771 —
534 1740 620 1793 IV,
653 1737 722 1798 7.)
754 1740 936 1786 Contra
965 1754 1175 1785 amorem
1208 1739 1335 1784 enim
1367 1740 1495 1784 nulla
1526 1739 1760 1785 medicina
1789 1740 1926 1785 valet.
1957 1739 2164 1785 Praestat

445 1844 601 1881 autem
633 1851 806 1889 pueros
838 1850 995 1881 amare
1026 1850 1168 1889 quam
1202 1835 1393 1887 puellas.

447 1931 584 1976 Haec
627 1947 704 1976 me
747 1931 940 1985 quidem
984 1931 1139 1976 iudice
1181 1930 1305 1975 bene
1342 1930 1609 1982 cohaerent,
1647 1945 1803 1983 neque
1840 1930 2044 1984 intelligo
2079 1946 2165 1977 cur

448 2026 623 2071 Hetzel
667 2023 782 2084 (zur
829 2026 1095 2079 Erkliirung
1141 2026 1225 2070 des
1257 2025 1543 2077 Propertius,
1578 2021 1734 2083 1876.)
1765 2025 1971 2070 scribere
1998 2026 2163 2079 possit:

448 2122 561 2174 „Ich
593 2122 717 2167 halte
738 2136 789 2166 es
811 2121 889 2166 fiir
910 2122 993 2166 das
1016 2121 1244 2174 Richtige,
1267 2121 1646 2174 einzugestehen,
1669 2121 1775 2166 dass
1807 2121 1894 2166 wir
1934 2121 2038 2166 hier
2073 2124 2165 2167 nur

446 2217 703 2262 Triimmer
739 2217 872 2262 einer
912 2217 1104 2262 Anzahl
1157 2231 1253 2261 von
1307 2215 1576 2261 Gedichten
1629 2215 1828 2268 haben”,
1874 2231 2031 2270 neque
2078 2232 2165 2262 cur

448 2314 757 2360 Housmanus
773 2322 820 2358 et
836 2312 1095 2366 Postgatius
1104 2311 1190 2364 IV,
1202 2310 1244 2363 5,
1261 2310 1290 2356 6
1307 2326 1335 2355 a
1350 2319 1572 2356 contextu
1588 2311 1764 2356 alienos
1781 2311 1956 2357 ducere
1972 2312 2163 2365 possint.

313 2506 385 2551 IV
421 2504 488 2551 18.
521 2505 617 2551 Pro
649 2520 696 2549 m
710 2519 737 2549 a
750 2519 781 2548 n
795 2519 826 2549 u
840 2518 862 2548 s
893 2517 1002 2548 cum
1021 2502 1287 2547 Hartmano
1301 2499 1343 2560 3)
1368 2501 1469 2546 sine
1491 2501 1637 2546 dubio
1669 2517 1716 2546 m
1729 2516 1757 2546 a
1770 2517 1801 2546 n
1815 2517 1847 2547 u
1887 2499 1962 2559 (ἐ
1977 2499 2164 2560 manui)

445 2600 786 2646 restituendum
818 2606 913 2651 est:
945 2597 993 2642 in
1025 2598 1210 2650 vulgata
1254 2605 1321 2649 gr
1339 2611 1367 2641 a
1384 2596 1508 2640 min
1524 2611 1552 2641 a
1597 2604 1777 2641 cocta
1819 2611 1928 2641 cum
1959 2596 2164 2650 genitivo

445 2696 657 2741 iunctum
688 2693 1103 2748 languidissimum.

446 2790 658 2836 Disticha
717 2788 864 2835 9—10
924 2797 971 2833 et
1034 2786 1208 2832 15-—16
1224 2784 1269 2845 4)
1329 2787 1485 2832 locum
1539 2786 1660 2831 inter
1711 2801 1762 2831 se
1807 2794 1988 2832 mutare
2034 2787 2166 2832 iussit

445 2886 719 2940 Postgatius,
763 2886 955 2930 fortasse
998 2892 1141 2935 recte,
1185 2897 1342 2936 neque
1386 2891 1542 2928 tamen
1583 2882 1702 2927 ordo
1743 2881 1937 2927 traditus
1974 2881 2163 2927 defendi

446 2997 542 3027 non
574 2990 739 3034 potest.

363 3246 374 3266 ¹
437 3243 502 3281 Sio
528 3258 611 3280 cum
639 3246 669 3279 F
695 3246 861 3287 legimus.

360 3314 387 3359 ²)
436 3317 481 3351 cf.
507 3317 662 3358 elegiam
688 3323 916 3357 sequentem.

437 3388 494 3423 De
521 3388 683 3422 Horatio
711 3388 824 3422 Poeta
850 3399 884 3427 p.
913 3386 991 3420 145.

359 3459 373 3479 ⁴
438 3460 492 3494 15.
521 3459 564 3493 16
593 3466 676 3499 poet
701 3458 723 3493 8
750 3458 958 3498 tran-ponit
984 3457 1077 3492 Birt.
