2566 3886
334 759 405 805 42.

335 1234 406 1280 48.

339 2279 380 2325 3.
398 2279 440 2324 4.

1131 246 1369 293 -55-

462 381 522 426 ad
553 395 696 433 quem
727 380 883 425 locum
907 379 1048 424 Peter
1063 378 1272 423 adnotat:
1290 376 1520 430 „ingratos
1537 372 2007 434 (unwillkommene)
2025 374 2172 420 iocos:

462 475 553 520 wie
599 483 729 519 sonst
773 489 914 519 wenn
953 488 1048 518 von
1080 473 1173 517 den
1205 471 1453 517 lasciven
1487 470 1749 524 Begleitern
1781 471 1865 516 des
1897 469 2065 515 Gottes
2098 469 2175 514 die

468 570 602 615 Rede
634 569 735 615 ist’'.

467 758 616 804 Nixa
646 759 774 812 quod
807 757 1065 812 Postgatius
1097 766 1365 810 suspectum
1397 757 1538 801 habet
1569 770 1664 800 non
1691 755 1968 800 mutandum
1985 769 2177 807 censeo;

467 869 576 899 nam
622 854 660 899 si
707 869 816 899 cum
863 852 1072 899 Graevio
1120 851 1417 903 Heinsioque
1462 865 1550 903 pro
1581 850 1708 894 nixa
1744 850 1843 894 fixa
1879 849 2178 901 restituimus,

467 949 581 994 mihi
598 964 693 994 non
710 949 862 1003 placet
883 948 1071 993 oscula
1101 946 1364 1001 gradibus
1396 945 1511 997 dari,
1542 959 1651 989 cum
1683 959 1839 989 sermo
1870 945 1929 989 ad
1962 944 2179 989 ianuam

467 1045 537 1090 sit.
570 1043 778 1090 Oscula
808 1043 938 1088 nixa
956 1058 1066 1088 cum
1083 1042 1258 1095 Paleyo
1274 1041 1576 1094 interpretor:
1594 1049 1680 1094 ego
1701 1040 1839 1085 nixus
1855 1039 2075 1094 gradibus
2093 1048 2180 1084 etc.

468 1234 595 1280 Cum
658 1234 959 1285 Marklando‚
1020 1233 1097 1278 cui
1158 1232 1499 1286 adstipulantur
1556 1230 1821 1276 Muellerus
1868 1230 2182 1276 Baehrensius

468 1329 726 1384 Postgatius
758 1329 1064 1381 Hartmanus,
1096 1343 1183 1382 pro
1213 1336 1471 1373 aeterna
1502 1327 1698 1372 alterna
1728 1327 1846 1380 lego.

469 1424 597 1470 Nam
644 1425 682 1469 si
714 1433 977 1470 aeterna
1022 1423 1231 1477 legimus,
1264 1422 1581 1477 „ineptissime
1611 1420 1881 1479 ταύταλογεῖ
1910 1420 2101 1473 oratio”‚
2134 1429 2185 1465 ut

471 1519 695 1565 Muelleri
741 1518 900 1564 verbis
947 1527 1064 1563 utar.
1098 1517 1274 1563 Iniuria
1304 1526 1460 1562 autem
1494 1516 1816 1562 Rothsteinius
1847 1531 2094 1568 semper
2124 1516 2183 1560 ad

468 1615 749 1660 amantis
795 1614 1031 1667 pertinere
1077 1612 1331 1659 contendit.
1377 1611 1558 1658 Contra
1601 1611 1945 1657 Phillimorium
1977 1610 2182 1656 observo

468 1724 563 1755 non
595 1709 886 1761 deferor,
918 1709 1002 1754 sed
1033 1708 1340 1754 differor
1370 1723 1479 1753 cum
1511 1707 1560 1752 V
1591 1722 1694 1752 esse
1725 1707 1991 1760 legendum.

1042 2087 1296 2134 ELEGIA
1327 2087 1488 2132 XVII.

473 2279 580 2324 Nec
612 2279 726 2324 mihi
758 2278 985 2332 Cassiope
1016 2279 1151 2324 solito
1182 2279 1341 2324 visura
1371 2279 1591 2330 carinam,

589 2375 840 2428 omniaque
871 2375 1049 2428 ingrato
1080 2374 1214 2419 litore
1245 2382 1354 2419 vota
1385 2374 1571 2418 cadunt.

472 2470 827 2524 Unusquisque,
866 2470 941 2515 cui
979 2470 1190 2515 virorum
1229 2470 1475 2514 doctorum
1507 2455 1752 2521 opiniones
1784 2468 1965 2521 ignotae
1997 2475 2118 2519 sunt,
2150 2466 2187 2511 si

472 2566 548 2611 hic
591 2566 651 2611 de
695 2565 921 2619 Cassiopa
963 2566 1095 2619 leget,
1139 2564 1317 2617 putabit
1360 2564 1658 2616 Propertium
1700 2563 1900 2617 cogitare
1938 2563 1998 2607 de
2035 2563 2188 2607 sidere

474 2660 728 2706 notissimo.

476 2755 817 2809 Hertzbergius
854 2763 1008 2800 autem
1047 2764 1093 2800 et
1124 2755 1322 2800 Iacobus
1353 2755 1429 2799 hic
1460 2755 1520 2799 de
1554 2754 1685 2807 Epiri
1717 2753 2020 2805 Corcyraeve
2051 2760 2188 2805 portu

474 2849 700 2902 Cassiope
760 2865 1026 2896 sermonem
1088 2866 1190 2895 esse
1258 2850 1563 2901 contendunt,
1630 2849 1801 2902 quibus
1869 2848 2189 2893 Rothsteinius

474 2945 792 2998 adstipulatur.

476 3039 664 3084 Deinde
710 3040 915 3084 solito
961 3040 1027 3085 sic
1069 3041 1303 3093 explicare
1340 3048 1536 3084 conatur
1574 3038 1919 3083 Rothsteinius:
1966 3052 1987 3081 s
2004 3052 2033 3082 o
2050 3037 2129 3081 lit
2146 3051 2189 3088 o,

479 3134 598 3186 „wie
626 3135 963 3187 gewohnlich'',
996 3135 1216 3180 bedeutet
1247 3135 1375 3179 nicht
1406 3143 1540 3185 etwa,
1567 3134 1672 3177 dass
1703 3133 1789 3177 der
1820 3132 2018 3177 Dichter
2049 3131 2191 3176 selbst

477 3228 606 3272 diese
637 3228 779 3273 Reise
810 3230 956 3273 schon
988 3230 1106 3274 oster
1136 3230 1348 3283 gemacht
1378 3230 1470 3280 hat,
1502 3229 1706 3273 sondern
1738 3228 1872 3273 weist
1902 3227 2072 3271 darauf
2093 3227 2189 3278 hin,

483 3324 603 3374 dass,
634 3324 860 3367 wahrend
892 3323 956 3368 im
988 3325 1294 3378 allgemeinen
1332 3324 1409 3368 die
1453 3323 1623 3368 Schiffe
1667 3323 1740 3367 ihr
1784 3323 1887 3370 Ziel
1931 3322 2190 3375 erreichen,

478 3417 647 3473 gei-ade
679 3417 759 3463 ihn
791 3417 868 3464 ein
900 3418 1156 3467 besonders
1187 3419 1538 3476 ungliickliches
1569 3417 1779 3468 Schiksal
1810 3417 1933 3466 trifft.
