2566 3886
324 3248 396 3294 69.

1108 264 1375 310 —335—

453 411 523 441 ve
535 410 562 441 c
574 404 631 441 ta
656 396 911 450 scripsere:
927 396 1043 441 aliae
1059 396 1356 441 coniecturae
1372 404 1505 440 sunt:
1527 404 1682 449 rapta
1697 394 1952 454 (PaImer),
1975 398 2164 443 adacta

453 488 833 549 (Baehrensius),
847 492 1004 544 pulsa
1020 487 1346 548 (Postgatius).
1371 491 1455 535 lat
1467 505 1495 535 a
1515 487 1858 548 (Muellerus);
1885 491 1999 545 quid
2016 507 2076 537 ex
2091 492 2163 538 his

452 585 688 638 scripserit
738 595 889 639 poeta,
941 585 1172 630 incertum
1225 593 1307 630 est.
1358 583 1404 629 Si
1452 585 1619 629 ductus
1665 585 1922 629 litterarum
1969 594 2163 638 spectas,

453 680 656 725 Palmeri
694 680 938 725 inventum
970 680 1248 732 praeplacet,
1280 680 1363 724 sed
1386 679 1598 732 rapiendi
1615 679 1816 724 verbum
1833 679 1943 724 hinc
1959 680 2163 725 alienum

451 783 645 829 propter
685 775 931 820 celeritatis
962 774 1216 826 notionem,
1244 789 1385 827 quam
1402 774 1478 819 hic
1495 789 1590 818 non
1607 782 1944 827 exspectamus.
1963 774 2164 820 Ceterae

452 870 749 915 coniecturae
795 869 967 914 bonam
1014 869 1206 923 quidem
1253 869 1530 914 sententiam
1576 869 1838 921 restituunt,
1883 870 1966 914 sed
1998 885 2163 922 parum

453 973 617 1010 curant
658 972 806 1008 artem
852 963 1298 1017 palaeographicam‚
1345 963 1433 1008 nisi
1479 963 1600 1008 forte
1648 972 1811 1016 putare
1858 964 1929 1009 vis
1975 980 2007 1017 p
2023 979 2050 1009 a
2066 980 2090 1008 r
2105 973 2123 1008 t
2139 979 2166 1009 a

453 1067 666 1104 coortum
698 1073 814 1111 esse,
846 1073 955 1103 cum
987 1058 1202 1102 librarius
1219 1073 1387 1102 vocem
1419 1073 1450 1111 p
1464 1073 1491 1103 a
1506 1074 1530 1102 r
1546 1066 1563 1102 t
1578 1073 1606 1103 e
1623 1074 1670 1103 m
1702 1058 1749 1102 in
1783 1067 1940 1104 mente
1957 1059 2164 1111 haberet,

452 1169 593 1208 quam
611 1154 754 1199 modo
770 1153 1030 1207 scripserat.
1038 1151 1176 1197 Tunc
1190 1153 1410 1206 equidem
1419 1153 1585 1206 eligam
1595 1153 1818 1198 Italorum
1827 1153 2164 1199 coniecturam:

570 1263 682 1293 ecce
712 1258 935 1293 coronato
965 1262 1072 1301 pars
1103 1248 1247 1293 altera
1277 1246 1467 1306 (vec)ta
1496 1248 1702 1301 phaselo,

455 1343 538 1388 sed
571 1343 687 1388 nihil
718 1342 794 1388 hic
824 1357 911 1396 pro
943 1351 1072 1387 certo
1104 1343 1238 1387 statui
1271 1351 1435 1395 potest.

453 1537 858 1591 Andromedeque
890 1546 935 1582 et
967 1537 1312 1590 Hypermestre
1343 1538 1444 1582 sine
1475 1537 1639 1582 fraude
1671 1538 1864 1583 maritae

542 1641 732 1678 narrant
762 1632 980 1678 historiae
1012 1641 1202 1685 pectora
1233 1640 1342 1676 nota
1373 1646 1484 1676 suae

453 1726 643 1779 Duplex
673 1726 839 1771 vitium
870 1728 961 1772 hoc
993 1726 1223 1771 distichon
1255 1726 1508 1778 contraxit;
1541 1741 1649 1771 nam
1681 1741 1872 1780 prorsus
1898 1743 1993 1773 non
2020 1729 2166 1781 liquet

453 1836 539 1866 cur
595 1821 907 1866 Andromeda
952 1830 1174 1866 voceturz
1221 1821 1457 1866 marita
1506 1821 1651 1866 sine
1704 1822 1968 1874 fraude3
2012 1823 2166 1868 scribe

454 1924 610 1961 autem
663 1930 771 1960 cum
812 1915 1094 1968 Rossbergio
1145 1913 1336 1973 (Fleck.
1384 1915 1547 1960 Jahrb.
1603 1914 1717 1961 1883
1770 1931 1814 1968 p.
1862 1914 1971 1975 76):
2019 1932 2040 1962 s
2057 1918 2071 1962 i
2091 1933 2121 1962 n
2138 1933 2166 1963 e

453 2010 512 2055 fr
527 2025 554 2055 a
570 2026 601 2055 u
617 2011 648 2055 d
665 2025 693 2055 e
723 2026 770 2054 m
788 2025 849 2055 ar
862 2010 876 2055 i
889 2019 907 2054 t
920 2025 960 2062 a,
993 2018 1043 2054 ut
1073 2010 1189 2055 haec
1206 2010 1352 2055 verba
1368 2011 1514 2055 solam
1533 2010 1924 2063 Hypermestram
1942 2020 2165 2064 spectent.

454 2105 673 2150 Alterum
705 2105 930 2150 mendum
962 2104 1160 2150 feliciter
1190 2105 1393 2150 correxit
1418 2105 1770 2151 Heimreichius
1787 2104 2007 2164 (Quaest.
2025 2107 2165 2160 Prop.

455 2214 500 2253 p.
532 2196 631 2257 55).
662 2199 743 2253 qui
774 2214 860 2244 cur
890 2199 1223 2244 historiae
1262 2209 1539 2253 pectora
1575 2209 1730 2245 nota
1761 2215 1916 2246 suae
1948 2210 2168 2254 corrupta

453 2295 605 2346 ducat,
652 2293 718 2338 sic
761 2294 972 2346 exponit:
1019 2309 1203 2347 „neque
1234 2294 1547 2339 Andromede
1592 2303 1639 2339 et
1685 2294 2030 2347 Hypermestre
2060 2305 2166 2349 apte

454 2388 685 2433 nominari
716 2397 911 2442 possunt
941 2388 1159 2433 historiae
1190 2396 1381 2441 pectora
1411 2398 1521 2433 nota
1537 2404 1648 2434 suae
1664 2398 1710 2434 et
1727 2390 1948 2434 narrandi
1965 2391 2165 2436 verbum

454 2484 654 2536 postulat
685 2483 965 2536 obiectum”,
998 2483 1171 2528 deinde
1202 2483 1409 2528 confert:
1443 2483 1504 2535 ΙΙ,
1521 2482 1593 2536 28,
1612 2483 1683 2529 46.
1717 2484 1862 2530 Pauci
1891 2494 2046 2530 tamen
2066 2486 2166 2532 eius

454 2578 831 2623 emendationem
876 2578 1088 2630 recipere
1134 2578 1233 2623 ausi
1280 2586 1400 2629 sunt,
1447 2578 1568 2622 hanc
1613 2579 1808 2625 fortasse
1854 2580 1916 2625 ob
1963 2596 2164 2633 causam,

454 2673 583 2726 quod
635 2672 975 2717 correctionem
1022 2673 1160 2717 nimis
1206 2673 1432 2717 audacem
1470 2672 1707 2726 putabant.
1754 2673 1847 2720 Sed
1894 2675 1931 2719 si
1978 2690 2164 2720 causam

455 2768 747 2820 corruptelae
791 2767 1018 2820 intelligis,
1067 2766 1419 2812 Heimreichius
1465 2766 1579 2820 quin
1626 2783 1794 2813 verum
1841 2769 2025 2822 viderit,
2069 2786 2164 2815 non

456 2859 703 2906 dubitabis.
766 2860 930 2905 Verba
981 2860 1108 2906 enim
1165 2876 1196 2905 n
1213 2869 1319 2906 ota
1367 2876 1398 2913 p
1414 2876 1441 2906 e
1458 2877 1482 2905 r
1498 2861 1512 2905 i
1530 2877 1555 2906 c
1573 2863 1587 2906 l
1604 2877 1644 2914 a,
1699 2871 1750 2907 ut
1796 2864 1993 2917 saepius.
2055 2879 2164 2910 casu

456 2955 661 3008 quodam
693 2954 815 3000 inter
845 2970 896 3000 se
926 2955 1203 3007 transposita
1233 2954 1463 3007 librarius,
1494 2970 1602 3000 cum
1635 2964 1836 3001 metrum
1868 2958 2164 3012 claudicaret,

456 3047 847 3106 παραδιορθώσει
876 3048 924 3093 in
956 3063 987 3101 p
1000 3064 1027 3093 e
1040 3063 1066 3093 c
1079 3057 1097 3093 t
1110 3063 1139 3093 o
1152 3064 1176 3093 r
1189 3063 1216 3093 a
1246 3064 1277 3093 n
1292 3064 1322 3094 o
1335 3058 1352 3093 t
1365 3064 1392 3094 a
1423 3050 1631 3094 mutavit.

458 3248 533 3294 Sic
564 3248 725 3294 mortis
756 3249 957 3294 lacrimis
988 3249 1112 3294 vitae
1143 3263 1359 3294 sanamus
1390 3264 1587 3295 amores.

466 3342 540 3388 En
586 3357 751 3388 versus
797 3343 898 3388 sine
943 3343 1039 3388 ullo
1085 3342 1230 3388 dubio
1276 3351 1536 3395 corruptus,
1588 3358 1729 3397 quem
1776 3352 1931 3389 tamen
1962 3346 2165 3392 editores

459 3437 690 3491 integrum
728 3451 988 3491 sanumque
1033 3437 1220 3482 habent.
1266 3436 1359 3483 Sed
1405 3437 1519 3491 quid
1565 3453 1613 3482 m
1625 3453 1654 3483 o
1667 3453 1692 3482 r
1704 3446 1721 3483 t
1733 3438 1748 3482 i
1762 3453 1784 3483 s
1829 3439 1886 3484 la
1898 3454 1923 3484 c
1936 3439 2046 3484 rim
2059 3455 2087 3485 a
2100 3455 2127 3486 e
2138 3440 2165 3486 P
