<?xml version="1.0" encoding="UTF-8"?>
<!DOCTYPE html PUBLIC "-//W3C//DTD XHTML 1.0 Transitional//EN"
    "http://www.w3.org/TR/xhtml1/DTD/xhtml1-transitional.dtd">
<html xmlns="http://www.w3.org/1999/xhtml" xml:lang="en" lang="en">
 <head>
  <title>
</title>
<meta http-equiv="Content-Type" content="text/html;charset=utf-8" />
  <meta name='ocr-system' content='tesseract 3.04.00' />
  <meta name='ocr-capabilities' content='ocr_page ocr_carea ocr_par ocr_line ocrx_word'/>
</head>
<body>
  <div class='ocr_page' id='page_1' title='image "./adpropertiicarmi00enkpuoft_0103.png"; bbox 0 0 2566 3886; ppageno 0'>
   <div class='ocr_carea' id='block_1_1' title="bbox 1155 249 1391 296">
    <p class='ocr_par' dir='ltr' id='par_1_1' title="bbox 1155 249 1391 296">
     <span class='ocr_line' id='line_1_1' title="bbox 1155 249 1391 296; baseline 0.004 -15"><span class='ocrx_word' id='word_1_1' title='bbox 1155 249 1391 296; x_wconf 74' lang='grc'><strong><em>-87-</em></strong></span> 
     </span>
    </p>
   </div>
   <div class='ocr_carea' id='block_1_2' title="bbox 350 380 1705 434">
    <p class='ocr_par' dir='ltr' id='par_1_2' title="bbox 350 380 1705 434">
     <span class='ocr_line' id='line_1_2' title="bbox 350 380 1705 434; baseline 0.001 -10"><span class='ocrx_word' id='word_1_2' title='bbox 350 380 422 425; x_wconf 89' lang='grc'><strong>27.</strong></span> <span class='ocrx_word' id='word_1_3' title='bbox 483 395 604 434; x_wconf 89' lang='lat' dir='ltr'><strong>quae</strong></span> <span class='ocrx_word' id='word_1_4' title='bbox 635 395 802 425; x_wconf 90' lang='lat' dir='ltr'><strong>manus</strong></span> <span class='ocrx_word' id='word_1_5' title='bbox 832 380 1058 425; x_wconf 88' lang='lat' dir='ltr'><strong>obscenas</strong></span> <span class='ocrx_word' id='word_1_6' title='bbox 1090 380 1302 434; x_wconf 85' lang='lat' dir='ltr'>depinxit</span> <span class='ocrx_word' id='word_1_7' title='bbox 1332 380 1484 434; x_wconf 90' lang='lat' dir='ltr'><strong>prima</strong></span> <span class='ocrx_word' id='word_1_8' title='bbox 1514 380 1705 426; x_wconf 92' lang='lat' dir='ltr'><strong>tabellas</strong></span> 
     </span>
    </p>
   </div>
   <div class='ocr_carea' id='block_1_3' title="bbox 345 1043 416 1088">
    <p class='ocr_par' dir='ltr' id='par_1_3' title="bbox 345 1043 416 1088">
     <span class='ocr_line' id='line_1_3' title="bbox 345 1043 416 1088; baseline 0 0"><span class='ocrx_word' id='word_1_9' title='bbox 345 1043 416 1088; x_wconf 90' lang='lat'><strong>33.</strong></span> 
     </span>
    </p>
   </div>
   <div class='ocr_carea' id='block_1_4' title="bbox 345 1234 416 1280">
    <p class='ocr_par' dir='ltr' id='par_1_4' title="bbox 345 1234 416 1280">
     <span class='ocr_line' id='line_1_4' title="bbox 345 1234 416 1280; baseline -0.014 0"><span class='ocrx_word' id='word_1_10' title='bbox 345 1234 416 1280; x_wconf 87' lang='grc'><strong>35.</strong></span> 
     </span>
    </p>
   </div>
   <div class='ocr_carea' id='block_1_5' title="bbox 340 3227 410 3272">
    <p class='ocr_par' dir='ltr' id='par_1_5' title="bbox 340 3227 410 3272">
     <span class='ocr_line' id='line_1_5' title="bbox 340 3227 410 3272; baseline 0 0"><span class='ocrx_word' id='word_1_11' title='bbox 340 3227 410 3272; x_wconf 89' lang='grc'><strong>37.</strong></span> 
     </span>
    </p>
   </div>
   <div class='ocr_carea' id='block_1_6' title="bbox 478 474 2197 813">
    <p class='ocr_par' dir='ltr' id='par_1_6' title="bbox 478 474 2197 813">
     <span class='ocr_line' id='line_1_6' title="bbox 483 474 2196 529; baseline 0.001 -10"><span class='ocrx_word' id='word_1_12' title='bbox 483 474 739 526; x_wconf 89' lang='lat' dir='ltr'>Quomodo</span> <span class='ocrx_word' id='word_1_13' title='bbox 785 475 900 519; x_wconf 91' lang='lat' dir='ltr'><strong>haec</strong></span> <span class='ocrx_word' id='word_1_14' title='bbox 946 490 1055 520; x_wconf 91' lang='lat' dir='ltr'><strong>cum</strong></span> <span class='ocrx_word' id='word_1_15' title='bbox 1102 474 1492 527; x_wconf 86' lang='lat' dir='ltr'><strong>praecedentibus</strong></span> <span class='ocrx_word' id='word_1_16' title='bbox 1546 476 1840 527; x_wconf 82' lang='lat' dir='ltr'><strong>cohaereant,</strong></span> <span class='ocrx_word' id='word_1_17' title='bbox 1894 475 2196 529; x_wconf 89' lang='lat' dir='ltr'><strong>perspicuum</strong></span> 
     </span>
     <span class='ocr_line' id='line_1_7' title="bbox 481 569 2197 624; baseline 0.001 -10"><span class='ocrx_word' id='word_1_18' title='bbox 481 578 574 614; x_wconf 87' lang='lat' dir='ltr'><strong>est:</strong></span> <span class='ocrx_word' id='word_1_19' title='bbox 606 578 851 623; x_wconf 85' lang='lat' dir='ltr'><strong>postquam</strong></span> <span class='ocrx_word' id='word_1_20' title='bbox 883 569 1009 614; x_wconf 90' lang='lat' dir='ltr'><strong>enim</strong></span> <span class='ocrx_word' id='word_1_21' title='bbox 1042 578 1179 622; x_wconf 90' lang='lat' dir='ltr'><strong>poeta</strong></span> <span class='ocrx_word' id='word_1_22' title='bbox 1209 570 1269 614; x_wconf 94' lang='lat' dir='ltr'><strong>de</strong></span> <span class='ocrx_word' id='word_1_23' title='bbox 1316 570 1547 624; x_wconf 84' lang='lat' dir='ltr'><strong>corruptis</strong></span> <span class='ocrx_word' id='word_1_24' title='bbox 1586 570 1656 615; x_wconf 92' lang='lat' dir='ltr'><strong>sui</strong></span> <span class='ocrx_word' id='word_1_25' title='bbox 1709 570 1933 623; x_wconf 91' lang='lat' dir='ltr'><strong>temporis</strong></span> <span class='ocrx_word' id='word_1_26' title='bbox 1986 570 2197 616; x_wconf 90' lang='lat' dir='ltr'><strong>moribus</strong></span> 
     </span>
     <span class='ocr_line' id='line_1_8' title="bbox 478 664 2194 718; baseline 0.001 -9"><span class='ocrx_word' id='word_1_27' title='bbox 478 673 670 718; x_wconf 91' lang='lat' dir='ltr'><strong>questus</strong></span> <span class='ocrx_word' id='word_1_28' title='bbox 686 672 769 716; x_wconf 91' lang='lat' dir='ltr'><strong>est,</strong></span> <span class='ocrx_word' id='word_1_29' title='bbox 786 673 952 718; x_wconf 91' lang='lat' dir='ltr'><strong>sponte</strong></span> <span class='ocrx_word' id='word_1_30' title='bbox 969 664 1093 709; x_wconf 92' lang='lat' dir='ltr'><strong>subit</strong></span> <span class='ocrx_word' id='word_1_31' title='bbox 1124 664 1350 718; x_wconf 80' lang='lat' dir='ltr'><strong>cogitatio,</strong></span> <span class='ocrx_word' id='word_1_32' title='bbox 1383 665 1510 709; x_wconf 90' lang='lat' dir='ltr'><strong>unde</strong></span> <span class='ocrx_word' id='word_1_33' title='bbox 1541 665 1643 710; x_wconf 88' lang='lat' dir='ltr'><strong>talis</strong></span> <span class='ocrx_word' id='word_1_34' title='bbox 1674 665 1964 718; x_wconf 91' lang='lat' dir='ltr'><strong>impudicitia</strong></span> <span class='ocrx_word' id='word_1_35' title='bbox 1992 666 2194 710; x_wconf 90' lang='lat' dir='ltr'><strong>Romam</strong></span> 
     </span>
     <span class='ocr_line' id='line_1_9' title="bbox 479 759 2195 813; baseline 0.001 -9"><span class='ocrx_word' id='word_1_36' title='bbox 479 759 807 813; x_wconf 86' lang='lat' dir='ltr'><strong>inquinaverit,</strong></span> <span class='ocrx_word' id='word_1_37' title='bbox 854 760 1136 812; x_wconf 88' lang='lat' dir='ltr'><strong>culpamque</strong></span> <span class='ocrx_word' id='word_1_38' title='bbox 1183 760 1230 804; x_wconf 91' lang='lat' dir='ltr'><strong>in</strong></span> <span class='ocrx_word' id='word_1_39' title='bbox 1278 774 1359 804; x_wconf 92' lang='lat' dir='ltr'><strong>eos</strong></span> <span class='ocrx_word' id='word_1_40' title='bbox 1405 760 1601 812; x_wconf 89' lang='lat' dir='ltr'><strong>confert,</strong></span> <span class='ocrx_word' id='word_1_41' title='bbox 1649 760 1730 812; x_wconf 92' lang='lat' dir='ltr'><strong>qui</strong></span> <span class='ocrx_word' id='word_1_42' title='bbox 1782 760 1920 812; x_wconf 91' lang='lat' dir='ltr'><strong>primi</strong></span> <span class='ocrx_word' id='word_1_43' title='bbox 1968 760 2195 806; x_wconf 90' lang='lat' dir='ltr'><strong>obscenas</strong></span> 
     </span>
    </p>
   </div>
   <div class='ocr_carea' id='block_1_7' title="bbox 480 854 1098 906">
    <p class='ocr_par' dir='ltr' id='par_1_7' title="bbox 480 854 1098 906">
     <span class='ocr_line' id='line_1_10' title="bbox 480 854 1098 906; baseline 0 -8"><span class='ocrx_word' id='word_1_44' title='bbox 480 854 579 899; x_wconf 92' lang='lat' dir='ltr'><strong>illas</strong></span> <span class='ocrx_word' id='word_1_45' title='bbox 610 854 801 899; x_wconf 86' lang='lat' dir='ltr'><strong>tabellas</strong></span> <span class='ocrx_word' id='word_1_46' title='bbox 832 854 1098 906; x_wconf 86' lang='lat' dir='ltr'><strong>pinxerunt.</strong></span> 
     </span>
    </p>
   </div>
   <div class='ocr_carea' id='block_1_8' title="bbox 471 1043 2190 3000">
    <p class='ocr_par' dir='ltr' id='par_1_8' title="bbox 478 1043 1478 1097">
     <span class='ocr_line' id='line_1_11' title="bbox 478 1043 1478 1097; baseline -0.001 -8"><span class='ocrx_word' id='word_1_47' title='bbox 478 1059 572 1089; x_wconf 93' lang='lat' dir='ltr'><strong>non</strong></span> <span class='ocrx_word' id='word_1_48' title='bbox 604 1043 701 1089; x_wconf 91' lang='lat' dir='ltr'><strong>istis</strong></span> <span class='ocrx_word' id='word_1_49' title='bbox 731 1044 842 1088; x_wconf 92' lang='lat' dir='ltr'><strong>olim</strong></span> <span class='ocrx_word' id='word_1_50' title='bbox 874 1043 1115 1088; x_wconf 89' lang='lat' dir='ltr'><strong>variabant</strong></span> <span class='ocrx_word' id='word_1_51' title='bbox 1146 1051 1266 1088; x_wconf 90' lang='lat' dir='ltr'><strong>tecta</strong></span> <span class='ocrx_word' id='word_1_52' title='bbox 1295 1043 1478 1097; x_wconf 78' lang='lat' dir='ltr'><strong>figuris:</strong></span> 
     </span>
    </p>

    <p class='ocr_par' dir='ltr' id='par_1_9' title="bbox 477 1139 1595 1280">
     <span class='ocr_line' id='line_1_12' title="bbox 596 1139 1595 1193; baseline 0 -9"><span class='ocrx_word' id='word_1_53' title='bbox 596 1148 695 1184; x_wconf 93' lang='lat' dir='ltr'><strong>tum</strong></span> <span class='ocrx_word' id='word_1_54' title='bbox 726 1139 879 1193; x_wconf 87' lang='lat' dir='ltr'><strong>paries</strong></span> <span class='ocrx_word' id='word_1_55' title='bbox 910 1139 1040 1184; x_wconf 91' lang='lat' dir='ltr'><strong>nullo</strong></span> <span class='ocrx_word' id='word_1_56' title='bbox 1071 1139 1268 1184; x_wconf 91' lang='lat' dir='ltr'><strong>crimine</strong></span> <span class='ocrx_word' id='word_1_57' title='bbox 1299 1139 1451 1192; x_wconf 91' lang='lat' dir='ltr'><strong>pictus</strong></span> <span class='ocrx_word' id='word_1_58' title='bbox 1483 1148 1595 1186; x_wconf 90' lang='lat' dir='ltr'><strong>erat.</strong></span> 
     </span>
     <span class='ocr_line' id='line_1_13' title="bbox 477 1234 1550 1280; baseline 0.005 -5"><span class='ocrx_word' id='word_1_59' title='bbox 477 1235 560 1279; x_wconf 90' lang='lat' dir='ltr'><strong>sed</strong></span> <span class='ocrx_word' id='word_1_60' title='bbox 593 1250 688 1280; x_wconf 92' lang='lat' dir='ltr'><strong>non</strong></span> <span class='ocrx_word' id='word_1_61' title='bbox 720 1234 954 1279; x_wconf 90' lang='lat' dir='ltr'><strong>immerito</strong></span> <span class='ocrx_word' id='word_1_62' title='bbox 985 1234 1160 1279; x_wconf 88' lang='lat' dir='ltr'><strong>velavit</strong></span> <span class='ocrx_word' id='word_1_63' title='bbox 1190 1249 1359 1279; x_wconf 89' lang='lat' dir='ltr'><strong>aranea</strong></span> <span class='ocrx_word' id='word_1_64' title='bbox 1389 1234 1550 1280; x_wconf 90' lang='lat' dir='ltr'><strong>fanum</strong></span> 
     </span>
    </p>

    <p class='ocr_par' dir='ltr' id='par_1_10' title="bbox 471 1328 2190 2620">
     <span class='ocr_line' id='line_1_14' title="bbox 595 1328 1595 1382; baseline 0.001 -8"><span class='ocrx_word' id='word_1_65' title='bbox 595 1338 641 1374; x_wconf 92' lang='lat' dir='ltr'><strong>et</strong></span> <span class='ocrx_word' id='word_1_66' title='bbox 671 1329 792 1374; x_wconf 91' lang='lat' dir='ltr'><strong>mala</strong></span> <span class='ocrx_word' id='word_1_67' title='bbox 822 1330 1031 1374; x_wconf 85' lang='lat' dir='ltr'><strong>desertos</strong></span> <span class='ocrx_word' id='word_1_68' title='bbox 1062 1338 1259 1382; x_wconf 89' lang='lat' dir='ltr'><strong>occupat</strong></span> <span class='ocrx_word' id='word_1_69' title='bbox 1289 1328 1437 1374; x_wconf 90' lang='lat' dir='ltr'><strong>herba</strong></span> <span class='ocrx_word' id='word_1_70' title='bbox 1467 1330 1595 1375; x_wconf 91' lang='lat' dir='ltr'><strong>deos.</strong></span> 
     </span>
     <span class='ocr_line' id='line_1_15' title="bbox 478 1423 2190 1478; baseline 0.001 -9"><span class='ocrx_word' id='word_1_71' title='bbox 478 1424 733 1476; x_wconf 91' lang='lat' dir='ltr'><strong>Quomodo</strong></span> <span class='ocrx_word' id='word_1_72' title='bbox 776 1439 845 1469; x_wconf 91' lang='lat' dir='ltr'><strong>vs.</strong></span> <span class='ocrx_word' id='word_1_73' title='bbox 889 1423 946 1468; x_wconf 87' lang='lat'><strong>35</strong></span> <span class='ocrx_word' id='word_1_74' title='bbox 989 1439 1097 1469; x_wconf 92' lang='lat' dir='ltr'><strong>cum</strong></span> <span class='ocrx_word' id='word_1_75' title='bbox 1141 1424 1530 1477; x_wconf 88' lang='lat' dir='ltr'><strong>praecedentibus</strong></span> <span class='ocrx_word' id='word_1_76' title='bbox 1568 1425 1828 1478; x_wconf 84' lang='lat' dir='ltr'><strong>cohaereat,</strong></span> <span class='ocrx_word' id='word_1_77' title='bbox 1867 1434 1964 1470; x_wconf 90' lang='lat' dir='ltr'><strong>tum</strong></span> <span class='ocrx_word' id='word_1_78' title='bbox 1998 1426 2190 1470; x_wconf 91' lang='lat' dir='ltr'><strong>demum</strong></span> 
     </span>
     <span class='ocr_line' id='line_1_16' title="bbox 475 1520 2190 1573; baseline 0 -9"><span class='ocrx_word' id='word_1_79' title='bbox 475 1520 797 1573; x_wconf 78' lang='lat' dir='ltr'><strong>intelligemus,</strong></span> <span class='ocrx_word' id='word_1_80' title='bbox 850 1520 888 1565; x_wconf 89' lang='lat' dir='ltr'><strong>si</strong></span> <span class='ocrx_word' id='word_1_81' title='bbox 940 1535 1102 1565; x_wconf 89' lang='lat' dir='ltr'><strong>veram</strong></span> <span class='ocrx_word' id='word_1_82' title='bbox 1156 1521 1295 1565; x_wconf 91' lang='lat' dir='ltr'><strong>huius</strong></span> <span class='ocrx_word' id='word_1_83' title='bbox 1344 1535 1510 1565; x_wconf 89' lang='lat' dir='ltr'><strong>versus</strong></span> <span class='ocrx_word' id='word_1_84' title='bbox 1542 1520 1790 1565; x_wconf 92' lang='lat' dir='ltr'><strong>lectionem</strong></span> <span class='ocrx_word' id='word_1_85' title='bbox 1838 1521 2190 1566; x_wconf 86' lang='lat' dir='ltr'><strong>restituerimus.</strong></span> 
     </span>
     <span class='ocr_line' id='line_1_17' title="bbox 474 1614 2189 1669; baseline 0.001 -10"><span class='ocrx_word' id='word_1_86' title='bbox 474 1614 721 1668; x_wconf 75' lang='lat' dir='ltr'><strong>Vulgatam</strong></span> <span class='ocrx_word' id='word_1_87' title='bbox 780 1615 854 1659; x_wconf 89' lang='lat' dir='ltr'><strong>vir</strong></span> <span class='ocrx_word' id='word_1_88' title='bbox 911 1616 1076 1660; x_wconf 93' lang='lat' dir='ltr'><strong>doctus</strong></span> <span class='ocrx_word' id='word_1_89' title='bbox 1133 1615 1278 1668; x_wconf 82' lang='lat' dir='ltr'><strong>Paley</strong></span> <span class='ocrx_word' id='word_1_90' title='bbox 1329 1615 1395 1660; x_wconf 93' lang='lat' dir='ltr'><strong>sic</strong></span> <span class='ocrx_word' id='word_1_91' title='bbox 1441 1616 1733 1669; x_wconf 88' lang='lat' dir='ltr'><strong>interpretari</strong></span> <span class='ocrx_word' id='word_1_92' title='bbox 1780 1625 2001 1661; x_wconf 82' lang='lat' dir='ltr'><strong>conatur:</strong></span> <span class='ocrx_word' id='word_1_93' title='bbox 2035 1632 2140 1668; x_wconf 92' lang='lat' dir='ltr'><strong>„no</strong></span> <span class='ocrx_word' id='word_1_94' title='bbox 2158 1633 2189 1662; x_wconf 94' lang='lat' dir='ltr'><strong>n</strong></span> 
     </span>
     <span class='ocr_line' id='line_1_18' title="bbox 475 1710 2187 1764; baseline 0.001 -10"><span class='ocrx_word' id='word_1_95' title='bbox 475 1710 839 1755; x_wconf 89' lang='lat' dir='ltr'><strong>immerito:</strong></span> <span class='ocrx_word' id='word_1_96' title='bbox 888 1719 969 1755; x_wconf 91' lang='lat' dir='ltr'><strong>not</strong></span> <span class='ocrx_word' id='word_1_97' title='bbox 1014 1710 1211 1756; x_wconf 88' lang='lat' dir='ltr'><strong>without</strong></span> <span class='ocrx_word' id='word_1_98' title='bbox 1255 1712 1376 1764; x_wconf 82' lang='lat' dir='ltr'><strong>good</strong></span> <span class='ocrx_word' id='word_1_99' title='bbox 1424 1726 1604 1763; x_wconf 89' lang='lat' dir='ltr'><strong>reason,</strong></span> <span class='ocrx_word' id='word_1_100' title='bbox 1638 1711 1665 1756; x_wconf 93' lang='lat' dir='ltr'><strong>i.</strong></span> <span class='ocrx_word' id='word_1_101' title='bbox 1698 1726 1738 1756; x_wconf 90' lang='lat' dir='ltr'><strong>e.</strong></span> <span class='ocrx_word' id='word_1_102' title='bbox 1786 1726 1849 1756; x_wconf 89' lang='lat' dir='ltr'><strong>no</strong></span> <span class='ocrx_word' id='word_1_103' title='bbox 1881 1712 2079 1756; x_wconf 87' lang='lat' dir='ltr'><strong>wonder</strong></span> <span class='ocrx_word' id='word_1_104' title='bbox 2110 1713 2187 1756; x_wconf 94' lang='lat' dir='ltr'><strong>the</strong></span> 
     </span>
     <span class='ocr_line' id='line_1_19' title="bbox 473 1805 2185 1859; baseline 0.001 -10"><span class='ocrx_word' id='word_1_105' title='bbox 473 1805 668 1857; x_wconf 89' lang='lat' dir='ltr'><strong>temples</strong></span> <span class='ocrx_word' id='word_1_106' title='bbox 693 1820 772 1850; x_wconf 90' lang='lat' dir='ltr'><strong>are</strong></span> <span class='ocrx_word' id='word_1_107' title='bbox 804 1806 1035 1858; x_wconf 88' lang='lat' dir='ltr'><strong>deserted,</strong></span> <span class='ocrx_word' id='word_1_108' title='bbox 1073 1806 1213 1850; x_wconf 86' lang='lat' dir='ltr'><strong>when</strong></span> <span class='ocrx_word' id='word_1_109' title='bbox 1245 1806 1304 1850; x_wconf 94' lang='lat' dir='ltr'><strong>all</strong></span> <span class='ocrx_word' id='word_1_110' title='bbox 1335 1806 1500 1859; x_wconf 75' lang='lat' dir='ltr'><strong>regard</strong></span> <span class='ocrx_word' id='word_1_111' title='bbox 1531 1806 1606 1851; x_wconf 88' lang='lat' dir='ltr'><strong>for</strong></span> <span class='ocrx_word' id='word_1_112' title='bbox 1636 1806 1763 1859; x_wconf 88' lang='lat' dir='ltr'><strong>piety</strong></span> <span class='ocrx_word' id='word_1_113' title='bbox 1795 1806 1853 1851; x_wconf 92' lang='lat' dir='ltr'><strong>ist</strong></span> <span class='ocrx_word' id='word_1_114' title='bbox 1883 1807 2014 1851; x_wconf 88' lang='lat' dir='ltr'><strong>lost’&#39;.</strong></span> <span class='ocrx_word' id='word_1_115' title='bbox 2059 1806 2185 1851; x_wconf 91' lang='lat' dir='ltr'><strong>Cum</strong></span> 
     </span>
     <span class='ocr_line' id='line_1_20' title="bbox 472 1899 2185 1954; baseline 0.001 -10"><span class='ocrx_word' id='word_1_116' title='bbox 472 1900 588 1944; x_wconf 91' lang='lat' dir='ltr'><strong>haec</strong></span> <span class='ocrx_word' id='word_1_117' title='bbox 625 1899 871 1953; x_wconf 85' lang='lat' dir='ltr'><strong>explicatio</strong></span> <span class='ocrx_word' id='word_1_118' title='bbox 902 1900 1057 1945; x_wconf 87' lang='lat' dir='ltr'><strong>minus</strong></span> <span class='ocrx_word' id='word_1_119' title='bbox 1088 1901 1305 1953; x_wconf 88' lang='lat' dir='ltr'><strong>placeret,</strong></span> <span class='ocrx_word' id='word_1_120' title='bbox 1338 1910 1585 1954; x_wconf 90' lang='lat' dir='ltr'><strong>propterea</strong></span> <span class='ocrx_word' id='word_1_121' title='bbox 1615 1902 1744 1954; x_wconf 93' lang='lat' dir='ltr'><strong>quod</strong></span> <span class='ocrx_word' id='word_1_122' title='bbox 1776 1901 1976 1954; x_wconf 90' lang='lat' dir='ltr'><strong>quisque</strong></span> <span class='ocrx_word' id='word_1_123' title='bbox 2007 1909 2185 1946; x_wconf 90' lang='lat' dir='ltr'><strong>textum</strong></span> 
     </span>
     <span class='ocr_line' id='line_1_21' title="bbox 473 1994 2187 2048; baseline 0.001 -9"><span class='ocrx_word' id='word_1_124' title='bbox 473 1994 691 2039; x_wconf 89' lang='lat' dir='ltr'><strong>traditum</strong></span> <span class='ocrx_word' id='word_1_125' title='bbox 734 1995 890 2048; x_wconf 80' lang='lat' dir='ltr'><strong>legens</strong></span> <span class='ocrx_word' id='word_1_126' title='bbox 926 1995 1037 2040; x_wconf 91' lang='lat' dir='ltr'><strong>inde</strong></span> <span class='ocrx_word' id='word_1_127' title='bbox 1068 1995 1247 2048; x_wconf 91' lang='lat' dir='ltr'><strong>efficiet,</strong></span> <span class='ocrx_word' id='word_1_128' title='bbox 1280 2005 1330 2040; x_wconf 93' lang='lat' dir='ltr'><strong>ut</strong></span> <span class='ocrx_word' id='word_1_129' title='bbox 1361 1997 1533 2048; x_wconf 90' lang='lat' dir='ltr'><strong>templa</strong></span> <span class='ocrx_word' id='word_1_130' title='bbox 1564 1997 1763 2041; x_wconf 88' lang='lat' dir='ltr'><strong>deorum</strong></span> <span class='ocrx_word' id='word_1_131' title='bbox 1810 1996 1872 2041; x_wconf 92' lang='lat' dir='ltr'><strong>iu</strong></span> <span class='ocrx_word' id='word_1_132' title='bbox 1890 2011 1956 2041; x_wconf 90' lang='lat' dir='ltr'><strong>re</strong></span> <span class='ocrx_word' id='word_1_133' title='bbox 2002 1997 2187 2041; x_wconf 88' lang='lat' dir='ltr'><strong>deserta</strong></span> 
     </span>
     <span class='ocr_line' id='line_1_22' title="bbox 472 2089 2184 2145; baseline 0.001 -11"><span class='ocrx_word' id='word_1_134' title='bbox 472 2104 574 2134; x_wconf 91' lang='lat' dir='ltr'><strong>esse</strong></span> <span class='ocrx_word' id='word_1_135' title='bbox 611 2098 748 2142; x_wconf 87' lang='lat' dir='ltr'><strong>poeta</strong></span> <span class='ocrx_word' id='word_1_136' title='bbox 785 2089 920 2142; x_wconf 90' lang='lat' dir='ltr'><strong>dicat,</strong></span> <span class='ocrx_word' id='word_1_137' title='bbox 953 2090 1202 2135; x_wconf 90' lang='lat' dir='ltr'><strong>Brandtius</strong></span> <span class='ocrx_word' id='word_1_138' title='bbox 1233 2091 1359 2136; x_wconf 91' lang='lat' dir='ltr'><strong>aliud</strong></span> <span class='ocrx_word' id='word_1_139' title='bbox 1391 2099 1684 2136; x_wconf 89' lang='lat' dir='ltr'><strong>commentus</strong></span> <span class='ocrx_word' id='word_1_140' title='bbox 1715 2099 1797 2136; x_wconf 90' lang='lat' dir='ltr'><strong>est.</strong></span> <span class='ocrx_word' id='word_1_141' title='bbox 1830 2091 1876 2135; x_wconf 96' lang='lat' dir='ltr'><strong>Is</strong></span> <span class='ocrx_word' id='word_1_142' title='bbox 1907 2100 2012 2145; x_wconf 92' lang='lat' dir='ltr'><strong>post</strong></span> <span class='ocrx_word' id='word_1_143' title='bbox 2060 2107 2136 2136; x_wconf 93' lang='lat' dir='ltr'><strong>no</strong></span> <span class='ocrx_word' id='word_1_144' title='bbox 2154 2107 2184 2136; x_wconf 92' lang='lat' dir='ltr'><strong>n</strong></span> 
     </span>
     <span class='ocr_line' id='line_1_23' title="bbox 473 2184 2184 2240; baseline 0.002 -12"><span class='ocrx_word' id='word_1_145' title='bbox 473 2184 811 2229; x_wconf 89' lang='lat' dir='ltr'><strong>immerito</strong></span> <span class='ocrx_word' id='word_1_146' title='bbox 857 2185 1132 2230; x_wconf 90' lang='lat' dir='ltr'><strong>sententiam</strong></span> <span class='ocrx_word' id='word_1_147' title='bbox 1171 2185 1346 2230; x_wconf 88' lang='lat' dir='ltr'><strong>incidit.</strong></span> <span class='ocrx_word' id='word_1_148' title='bbox 1379 2184 1470 2231; x_wconf 92' lang='lat' dir='ltr'><strong>Sed</strong></span> <span class='ocrx_word' id='word_1_149' title='bbox 1514 2201 1656 2231; x_wconf 91' lang='lat' dir='ltr'><strong>nemo</strong></span> <span class='ocrx_word' id='word_1_150' title='bbox 1699 2194 1803 2240; x_wconf 92' lang='lat' dir='ltr'><strong>post</strong></span> <span class='ocrx_word' id='word_1_151' title='bbox 1845 2186 2015 2232; x_wconf 89' lang='lat' dir='ltr'><strong>verba:</strong></span> <span class='ocrx_word' id='word_1_152' title='bbox 2062 2186 2184 2231; x_wconf 90' lang='lat' dir='ltr'><strong>Sed</strong></span> 
     </span>
     <span class='ocr_line' id='line_1_24' title="bbox 473 2279 2184 2336; baseline 0.002 -12"><span class='ocrx_word' id='word_1_153' title='bbox 473 2295 504 2324; x_wconf 87' lang='lat' dir='ltr'><strong>n</strong></span> <span class='ocrx_word' id='word_1_154' title='bbox 521 2294 550 2324; x_wconf 96' lang='lat' dir='ltr'><strong>o</strong></span> <span class='ocrx_word' id='word_1_155' title='bbox 566 2295 597 2324; x_wconf 91' lang='lat' dir='ltr'><strong>n</strong></span> <span class='ocrx_word' id='word_1_156' title='bbox 644 2279 722 2324; x_wconf 88' lang='lat' dir='ltr'><strong>im</strong></span> <span class='ocrx_word' id='word_1_157' title='bbox 741 2295 787 2324; x_wconf 91' lang='lat' dir='ltr'><strong>m</strong></span> <span class='ocrx_word' id='word_1_158' title='bbox 805 2295 832 2324; x_wconf 91' lang='lat' dir='ltr'><strong>e</strong></span> <span class='ocrx_word' id='word_1_159' title='bbox 848 2295 872 2324; x_wconf 94' lang='lat' dir='ltr'><strong>r</strong></span> <span class='ocrx_word' id='word_1_160' title='bbox 888 2279 902 2324; x_wconf 88' lang='lat' dir='ltr'><strong>i</strong></span> <span class='ocrx_word' id='word_1_161' title='bbox 919 2291 936 2324; x_wconf 93' lang='lat' dir='ltr'><strong>t</strong></span> <span class='ocrx_word' id='word_1_162' title='bbox 952 2295 981 2324; x_wconf 96' lang='lat' dir='ltr'>o</span> <span class='ocrx_word' id='word_1_163' title='bbox 1013 2305 1070 2311; x_wconf 90' lang='lat'>—</span> <span class='ocrx_word' id='word_1_164' title='bbox 1102 2281 1149 2325; x_wconf 95' lang='lat' dir='ltr'><strong>id</strong></span> <span class='ocrx_word' id='word_1_165' title='bbox 1182 2282 1310 2334; x_wconf 91' lang='lat' dir='ltr'><strong>quod</strong></span> <span class='ocrx_word' id='word_1_166' title='bbox 1343 2281 1592 2326; x_wconf 88' lang='lat' dir='ltr'><strong>Brandtius</strong></span> <span class='ocrx_word' id='word_1_167' title='bbox 1615 2282 1715 2326; x_wconf 89' lang='lat' dir='ltr'><strong>vult</strong></span> <span class='ocrx_word' id='word_1_168' title='bbox 1746 2306 1805 2312; x_wconf 89' lang='lat'>—</span> <span class='ocrx_word' id='word_1_169' title='bbox 1828 2291 1985 2327; x_wconf 91' lang='lat' dir='ltr'><strong>mente</strong></span> <span class='ocrx_word' id='word_1_170' title='bbox 2002 2283 2184 2336; x_wconf 92' lang='lat' dir='ltr'><strong>supple-</strong></span> 
     </span>
     <span class='ocr_line' id='line_1_25' title="bbox 472 2374 2183 2429; baseline 0.002 -10"><span class='ocrx_word' id='word_1_171' title='bbox 472 2374 557 2419; x_wconf 87' lang='lat' dir='ltr'><strong>bit:</strong></span> <span class='ocrx_word' id='word_1_172' title='bbox 604 2383 696 2420; x_wconf 90' lang='lat' dir='ltr'><strong>tam</strong></span> <span class='ocrx_word' id='word_1_173' title='bbox 742 2383 987 2429; x_wconf 88' lang='lat' dir='ltr'><strong>corruptos</strong></span> <span class='ocrx_word' id='word_1_174' title='bbox 1034 2391 1189 2421; x_wconf 90' lang='lat' dir='ltr'><strong>mores</strong></span> <span class='ocrx_word' id='word_1_175' title='bbox 1236 2376 1477 2421; x_wconf 91' lang='lat' dir='ltr'><strong>deflemus.</strong></span> <span class='ocrx_word' id='word_1_176' title='bbox 1529 2377 1784 2428; x_wconf 90' lang='lat' dir='ltr'><strong>Quomodo</strong></span> <span class='ocrx_word' id='word_1_177' title='bbox 1830 2385 1986 2422; x_wconf 88' lang='lat' dir='ltr'><strong>autem</strong></span> <span class='ocrx_word' id='word_1_178' title='bbox 2018 2393 2183 2423; x_wconf 89' lang='lat' dir='ltr'><strong>versus</strong></span> 
     </span>
     <span class='ocr_line' id='line_1_26' title="bbox 471 2471 1347 2524; baseline 0.001 -9"><span class='ocrx_word' id='word_1_179' title='bbox 471 2471 774 2524; x_wconf 81' lang='lat' dir='ltr'><strong>corrigendus</strong></span> <span class='ocrx_word' id='word_1_180' title='bbox 806 2471 876 2523; x_wconf 89' lang='lat' dir='ltr'><strong>sit,</strong></span> <span class='ocrx_word' id='word_1_181' title='bbox 908 2486 1034 2515; x_wconf 90' lang='lat' dir='ltr'><strong>nunc</strong></span> <span class='ocrx_word' id='word_1_182' title='bbox 1067 2471 1347 2517; x_wconf 87' lang='lat' dir='ltr'><strong>videbimus.</strong></span> 
     </span>
     <span class='ocr_line' id='line_1_27' title="bbox 474 2565 1074 2620; baseline 0.002 -10"><span class='ocrx_word' id='word_1_183' title='bbox 474 2565 774 2620; x_wconf 80' lang='lat' dir='ltr'><strong>Hertzbergii</strong></span> <span class='ocrx_word' id='word_1_184' title='bbox 805 2566 1074 2611; x_wconf 90' lang='lat' dir='ltr'><strong>coniectura</strong></span> 
     </span>
    </p>

    <p class='ocr_par' dir='ltr' id='par_1_11' title="bbox 471 2661 2182 3000">
     <span class='ocr_line' id='line_1_28' title="bbox 589 2661 1762 2708; baseline 0.003 -3"><span class='ocrx_word' id='word_1_185' title='bbox 589 2662 671 2705; x_wconf 93' lang='lat' dir='ltr'><strong>sed</strong></span> <span class='ocrx_word' id='word_1_186' title='bbox 718 2677 748 2705; x_wconf 93' lang='lat' dir='ltr'><strong>n</strong></span> <span class='ocrx_word' id='word_1_187' title='bbox 766 2677 887 2707; x_wconf 92' lang='lat' dir='ltr'><strong>unc</strong></span> <span class='ocrx_word' id='word_1_188' title='bbox 934 2661 1168 2706; x_wconf 91' lang='lat' dir='ltr'><strong>immerito</strong></span> <span class='ocrx_word' id='word_1_189' title='bbox 1199 2663 1372 2707; x_wconf 86' lang='lat' dir='ltr'><strong>velavit</strong></span> <span class='ocrx_word' id='word_1_190' title='bbox 1402 2677 1571 2707; x_wconf 90' lang='lat' dir='ltr'><strong>aranea</strong></span> <span class='ocrx_word' id='word_1_191' title='bbox 1602 2663 1762 2708; x_wconf 91' lang='lat' dir='ltr'><strong>fanum</strong></span> 
     </span>
     <span class='ocr_line' id='line_1_29' title="bbox 472 2755 2182 2816; baseline 0.003 -16"><span class='ocrx_word' id='word_1_192' title='bbox 472 2756 673 2800; x_wconf 87' lang='lat' dir='ltr'><strong>maxime</strong></span> <span class='ocrx_word' id='word_1_193' title='bbox 715 2757 866 2809; x_wconf 89' lang='lat' dir='ltr'><strong>placet</strong></span> <span class='ocrx_word' id='word_1_194' title='bbox 907 2757 1270 2803; x_wconf 87' lang='lat' dir='ltr'><strong>Fleischmanno</strong></span> <span class='ocrx_word' id='word_1_195' title='bbox 1313 2755 1533 2816; x_wconf 89' lang='lat' dir='ltr'><strong>(Quaest.</strong></span> <span class='ocrx_word' id='word_1_196' title='bbox 1575 2758 1716 2811; x_wconf 90' lang='lat' dir='ltr'><strong>Prop.</strong></span> <span class='ocrx_word' id='word_1_197' title='bbox 1756 2760 1778 2803; x_wconf 96' lang='lat' dir='ltr'>I</span> <span class='ocrx_word' id='word_1_198' title='bbox 1822 2759 1983 2812; x_wconf 78' lang='lat' dir='ltr'><strong>Progr.</strong></span> <span class='ocrx_word' id='word_1_199' title='bbox 2022 2769 2074 2805; x_wconf 88' lang='lat' dir='ltr'><strong>st.</strong></span> <span class='ocrx_word' id='word_1_200' title='bbox 2107 2760 2182 2806; x_wconf 94' lang='lat' dir='ltr'><strong>ob.</strong></span> 
     </span>
     <span class='ocr_line' id='line_1_30' title="bbox 472 2849 2182 2910; baseline 0.003 -16"><span class='ocrx_word' id='word_1_201' title='bbox 472 2849 649 2903; x_wconf 88' lang='lat' dir='ltr'><strong>Gymn.</strong></span> <span class='ocrx_word' id='word_1_202' title='bbox 681 2851 846 2895; x_wconf 90' lang='lat' dir='ltr'><strong>Bielitz</strong></span> <span class='ocrx_word' id='word_1_203' title='bbox 877 2868 922 2905; x_wconf 93' lang='lat' dir='ltr'><strong>p.</strong></span> <span class='ocrx_word' id='word_1_204' title='bbox 957 2851 1111 2910; x_wconf 88' lang='lat'>1895);</span> <span class='ocrx_word' id='word_1_205' title='bbox 1131 2853 1450 2909; x_wconf 79' lang='lat' dir='ltr'><strong>immerito</strong></span> <span class='ocrx_word' id='word_1_206' title='bbox 1487 2863 1643 2899; x_wconf 88' lang='lat' dir='ltr'><strong>tamen</strong></span> <span class='ocrx_word' id='word_1_207' title='bbox 1675 2854 1740 2899; x_wconf 91' lang='lat' dir='ltr'><strong>sic</strong></span> <span class='ocrx_word' id='word_1_208' title='bbox 1773 2854 1886 2898; x_wconf 92' lang='lat' dir='ltr'><strong>mihi</strong></span> <span class='ocrx_word' id='word_1_209' title='bbox 1913 2855 2182 2908; x_wconf 86' lang='lat' dir='ltr'><strong>languidum</strong></span> 
     </span>
     <span class='ocr_line' id='line_1_31' title="bbox 471 2945 2077 3000; baseline 0.004 -12"><span class='ocrx_word' id='word_1_210' title='bbox 471 2945 682 2997; x_wconf 91' lang='lat' dir='ltr'><strong>videtur;</strong></span> <span class='ocrx_word' id='word_1_211' title='bbox 715 2947 955 3000; x_wconf 92' lang='lat' dir='ltr'><strong>multoque</strong></span> <span class='ocrx_word' id='word_1_212' title='bbox 986 2948 1128 3000; x_wconf 81' lang='lat' dir='ltr'><strong>magis</strong></span> <span class='ocrx_word' id='word_1_213' title='bbox 1160 2948 1273 2992; x_wconf 90' lang='lat' dir='ltr'><strong>mihi</strong></span> <span class='ocrx_word' id='word_1_214' title='bbox 1305 2949 1478 2993; x_wconf 88' lang='lat' dir='ltr'><strong>arridet</strong></span> <span class='ocrx_word' id='word_1_215' title='bbox 1509 2949 1766 2993; x_wconf 90' lang='lat' dir='ltr'><strong>Burmanni</strong></span> <span class='ocrx_word' id='word_1_216' title='bbox 1797 2949 2042 2994; x_wconf 90' lang='lat' dir='ltr'><strong>inventum</strong></span> <span class='ocrx_word' id='word_1_217' title='bbox 2066 2965 2077 2994; x_wconf 71' lang='grc' dir='ltr'>ς</span> 
     </span>
    </p>
   </div>
   <div class='ocr_carea' id='block_1_9' title="bbox 590 3041 1943 3089">
    <p class='ocr_par' dir='ltr' id='par_1_12' title="bbox 590 3041 1943 3089">
     <span class='ocr_line' id='line_1_32' title="bbox 590 3041 1943 3089; baseline 0.004 -5"><span class='ocrx_word' id='word_1_218' title='bbox 590 3041 702 3084; x_wconf 91' lang='lat' dir='ltr'><strong>sed</strong></span> <span class='ocrx_word' id='word_1_219' title='bbox 749 3056 918 3086; x_wconf 93' lang='lat' dir='ltr'><strong>nunc</strong></span> <span class='ocrx_word' id='word_1_220' title='bbox 965 3043 1318 3087; x_wconf 87' lang='lat' dir='ltr'><strong>emeritum</strong></span> <span class='ocrx_word' id='word_1_221' title='bbox 1365 3044 1539 3088; x_wconf 87' lang='lat' dir='ltr'><strong>velavit</strong></span> <span class='ocrx_word' id='word_1_222' title='bbox 1570 3059 1739 3088; x_wconf 89' lang='lat' dir='ltr'><strong>aranea</strong></span> <span class='ocrx_word' id='word_1_223' title='bbox 1768 3044 1943 3089; x_wconf 91' lang='lat' dir='ltr'><strong>fanum.</strong></span> 
     </span>
    </p>
   </div>
   <div class='ocr_carea' id='block_1_10' title="bbox 472 3228 2180 3381">
    <p class='ocr_par' dir='ltr' id='par_1_13' title="bbox 472 3228 2180 3381">
     <span class='ocr_line' id='line_1_33' title="bbox 473 3228 2179 3287; baseline 0.004 -14"><span class='ocrx_word' id='word_1_224' title='bbox 473 3228 751 3282; x_wconf 89' lang='lat' dir='ltr'><strong>„Nusquam</strong></span> <span class='ocrx_word' id='word_1_225' title='bbox 770 3231 904 3284; x_wconf 80' lang='lat' dir='ltr'><strong>igitur</strong></span> <span class='ocrx_word' id='word_1_226' title='bbox 920 3231 1049 3284; x_wconf 89' lang='lat' dir='ltr'><strong>fides,</strong></span> <span class='ocrx_word' id='word_1_227' title='bbox 1067 3247 1297 3285; x_wconf 89' lang='lat' dir='ltr'><strong>nusquam</strong></span> <span class='ocrx_word' id='word_1_228' title='bbox 1329 3233 1594 3285; x_wconf 87' lang='lat' dir='ltr'><strong>pudicitia”‚</strong></span> <span class='ocrx_word' id='word_1_229' title='bbox 1626 3234 1691 3278; x_wconf 92' lang='lat' dir='ltr'><strong>sic</strong></span> <span class='ocrx_word' id='word_1_230' title='bbox 1722 3243 1914 3286; x_wconf 90' lang='lat' dir='ltr'><strong>questus</strong></span> <span class='ocrx_word' id='word_1_231' title='bbox 1938 3242 2008 3279; x_wconf 90' lang='lat' dir='ltr'><strong>est</strong></span> <span class='ocrx_word' id='word_1_232' title='bbox 2029 3243 2179 3287; x_wconf 84' lang='lat' dir='ltr'><strong>poeta;</strong></span> 
     </span>
     <span class='ocr_line' id='line_1_34' title="bbox 472 3324 2180 3381; baseline 0.003 -13"><span class='ocrx_word' id='word_1_233' title='bbox 472 3324 644 3368; x_wconf 91' lang='lat' dir='ltr'><strong>deinde</strong></span> <span class='ocrx_word' id='word_1_234' title='bbox 674 3326 922 3370; x_wconf 89' lang='lat' dir='ltr'><strong>exclamat:</strong></span> <span class='ocrx_word' id='word_1_235' title='bbox 956 3327 1040 3378; x_wconf 91' lang='lat' dir='ltr'><strong>„In</strong></span> <span class='ocrx_word' id='word_1_236' title='bbox 1072 3335 1196 3371; x_wconf 89' lang='lat' dir='ltr'><strong>tanta</strong></span> <span class='ocrx_word' id='word_1_237' title='bbox 1214 3342 1400 3372; x_wconf 91' lang='lat' dir='ltr'><strong>morum</strong></span> <span class='ocrx_word' id='word_1_238' title='bbox 1430 3328 1693 3380; x_wconf 89' lang='lat' dir='ltr'><strong>corruptela</strong></span> <span class='ocrx_word' id='word_1_239' title='bbox 1716 3342 1834 3381; x_wconf 92' lang='lat' dir='ltr'><strong>quos</strong></span> <span class='ocrx_word' id='word_1_240' title='bbox 1857 3328 1938 3372; x_wconf 91' lang='lat' dir='ltr'><strong>tibi</strong></span> <span class='ocrx_word' id='word_1_241' title='bbox 1964 3330 2180 3374; x_wconf 89' lang='lat' dir='ltr'><strong>custodes</strong></span> 
     </span>
    </p>
   </div>
   <div class='ocr_carea' id='block_1_11' title="bbox 473 3417 2179 3478">
    <p class='ocr_par' dir='ltr' id='par_1_14' title="bbox 473 3417 2179 3478">
     <span class='ocr_line' id='line_1_35' title="bbox 473 3417 2179 3478; baseline 0.005 -16"><span class='ocrx_word' id='word_1_242' title='bbox 473 3417 608 3473; x_wconf 79' lang='lat' dir='ltr'><strong>dabo,</strong></span> <span class='ocrx_word' id='word_1_243' title='bbox 652 3434 756 3466; x_wconf 86' lang='lat' dir='ltr'><strong>mea</strong></span> <span class='ocrx_word' id='word_1_244' title='bbox 797 3419 1016 3476; x_wconf 87' lang='lat' dir='ltr'><strong>Cynthia,</strong></span> <span class='ocrx_word' id='word_1_245' title='bbox 1054 3421 1158 3478; x_wconf 87' lang='lat' dir='ltr'><strong>quis</strong></span> <span class='ocrx_word' id='word_1_246' title='bbox 1194 3421 1319 3478; x_wconf 89' lang='lat' dir='ltr'><strong>ipsos</strong></span> <span class='ocrx_word' id='word_1_247' title='bbox 1350 3423 1566 3469; x_wconf 88' lang='lat' dir='ltr'><strong>custodes</strong></span> <span class='ocrx_word' id='word_1_248' title='bbox 1598 3421 1866 3470; x_wconf 79' lang='lat' dir='ltr'><strong>custodiet?</strong></span> <span class='ocrx_word' id='word_1_249' title='bbox 1897 3422 2103 3470; x_wconf 90' lang='lat' dir='ltr'><strong>Proinde</strong></span> <span class='ocrx_word' id='word_1_250' title='bbox 2134 3431 2179 3470; x_wconf 90' lang='lat' dir='ltr'><strong>te</strong></span> 
     </span>
    </p>
   </div>
  </div>
 </body>
</html>
