2566 3886
1122 279 1298 325 -234
1331 303 1387 311 -

325 413 398 459 29.
461 413 637 458 Iniuria
674 420 901 465 spernunt
941 410 1186 457 Rothstein
1225 419 1271 455 et
1308 408 1582 457 Phillimore
1620 411 1826 458 Fruterii
1857 412 2174 458 coniecturam

461 506 666 552 Graia
712 521 799 559 pro
845 514 1043 560 grata.

324 697 395 742 40.
458 697 552 742 Pro
598 697 668 742 of
677 697 702 741 f
711 711 738 741 e
755 712 786 741 n
803 711 824 741 s
841 711 931 740 am
978 693 1071 754 (sic
1104 693 1191 753 O),
1239 697 1368 748 quod
1416 695 1735 741 Phillimorius
1769 696 1940 742 iniuria
1969 696 2176 749 retinuit,

457 807 566 837 cum
616 791 740 837 Italis
787 791 1053 836 offensa
1100 790 1442 835 restituendum
1489 798 1587 835 est:
1635 790 1908 835 offensa
1940 790 2100 835 mihi
2132 799 2178 835 et

457 888 662 932 amica
707 887 835 932 tibi
882 887 1004 932 inter
1035 901 1085 931 se
1121 893 1439 938 opponuntur.
1474 885 1731 936 Quomodo
1761 884 1929 930 vitium
1963 886 2176 931 manifes-

458 991 556 1028 tum
574 991 729 1028 ortum
747 982 817 1034 sit,
846 982 1047 1034 explicat
1079 981 1307 1034 Paleyus:
1341 980 1474 1033 „The
1508 979 1688 1033 Naples
1722 979 1828 1026 MS.
1860 981 1943 1026 has
1974 981 2112 1026 offe
2129 996 2179 1026 n-

458 1093 479 1122 s
497 1093 603 1130 am,
651 1077 810 1122 which
856 1077 1050 1130 reading
1095 1091 1230 1121 arose
1279 1075 1399 1121 from
1434 1084 1516 1121 not
1547 1076 1917 1129 understanding
1948 1076 2027 1120 the
2059 1075 2180 1129 right

457 1172 724 1218 accusative
757 1171 968 1231 (copiam
1002 1169 1180 1230 noctis)
1211 1180 1260 1217 to
1292 1173 1322 1217 d
1340 1187 1367 1217 e
1385 1171 1526 1217 dit''.

1051 1532 1307 1578 ELEGIA
1338 1532 1424 1577 IX.

351 1665 392 1709 2.
457 1665 584 1709 Intra
614 1664 852 1709 fortunam
884 1662 965 1717 qui
997 1664 1131 1717 cupis
1162 1678 1264 1708 esse
1295 1671 1423 1708 tuam

457 1759 713 1804 Liveneius
745 1758 880 1804 infr
895 1773 923 1803 a
954 1758 1167 1811 coniecit,
1199 1758 1283 1803 sed
1315 1757 1503 1803 confer:

456 1854 550 1900 Ov.
583 1853 723 1899 Trist.
756 1854 843 1899 111.
876 1854 917 1899 4.
950 1854 1036 1899 25:

723 1950 866 1994 crede
898 1949 1038 1994 mihis
1071 1949 1194 1995 bene
1225 1949 1307 2002 qui
1338 1948 1481 2001 latuit,
1514 1948 1636 1994 bene
1668 1948 1797 2000 vixit,
1829 1957 1875 1994 et
1906 1948 2027 1993 intra

816 2044 1049 2089 fortunam
1082 2043 1224 2089 debet
1254 2043 1455 2097 quisque
1487 2058 1679 2088 manere
1710 2058 1841 2089 suam

457 2139 621 2191 Quint.
654 2138 740 2184 XI.
774 2138 815 2183 3.
849 2138 876 2185 8
907 2139 1078 2192 scripta
1110 2139 1340 2185 Hortensi
1371 2139 1492 2184 intra
1521 2139 1694 2184 famam
1727 2147 1847 2184 sunt.

454 2234 626 2279 Florus
670 2234 706 2279 Ι.
739 2233 780 2279 3.
813 2233 840 2279 5
884 2235 1090 2280 citavere
1122 2236 1245 2288 leges
1277 2235 1439 2287 nefas;
1473 2235 1555 2279 sed
1587 2234 1775 2279 abstulit
1805 2234 1953 2279 virtus
1984 2233 2173 2287 parrici-

454 2329 589 2373 dam:
622 2337 668 2374 et
697 2329 878 2374 facinus
909 2330 1031 2375 intra
1061 2330 1253 2383 gloriam
1285 2330 1417 2375 fuiti.
1435 2346 1476 2375 e.
1494 2330 1649 2375 minus
1666 2331 1809 2383 gloria
1824 2328 1911 2388 (de
1929 2327 2171 2388 Horatio).

454 2422 647 2475 Seneca,
680 2424 884 2469 Medea:
917 2424 1033 2469 520:
1064 2425 1253 2470 fortuna
1283 2440 1471 2479 semper
1502 2425 1654 2470 omnis
1686 2425 1807 2470 intra
1837 2440 1914 2469 me

818 2519 941 2564 stetit
971 2520 999 2564 i.
1032 2535 1073 2565 e.
1106 2529 1221 2573 „ego
1251 2520 1487 2565 fortunam
1532 2520 1579 2565 in
1617 2529 1842 2573 potestate
1879 2519 2051 2565 habui”
2089 2518 2169 2564 ubi

453 2613 625 2667 Peiper
656 2623 702 2659 et
734 2614 929 2660 Richter
960 2623 1115 2660 tamen
1163 2616 1343 2660 infra
1388 2617 1560 2669 legunt,

454 2717 501 2753 et
531 2709 883 2755 Broukhusium
915 2711 974 2755 ad
1006 2711 1134 2756 hunc
1166 2711 1336 2756 locum.

348 2898 389 2943 8.
451 2900 638 2945 flamma
669 2916 757 2946 nec
789 2916 849 2945 ex
880 2916 1032 2953 aequo
1064 2901 1251 2946 ducitur
1283 2902 1376 2946 ulla
1407 2901 1514 2955 iugo

454 2994 527 3039 En
559 3010 725 3040 versus
751 2995 1062 3048 difficillimus,
1091 2996 1172 3049 qui
1201 2996 1399 3041 diversis
1428 2996 1580 3041 modis
1608 2996 1774 3049 legitur
1801 2995 2166 3048 explicaturque.

452 3090 673 3144 Plerique
705 3091 795 3136 viri
826 3091 951 3136 docti
982 3106 1069 3144 pro
1101 3092 1351 3136 flamma
1382 3092 1510 3145 quod
1542 3092 1703 3144 legunt
1735 3090 1780 3136 O
1820 3091 2037 3136 Beroaldi
2078 3091 2167 3135 lec-

450 3186 626 3231 tionem
657 3187 683 3231 f
689 3202 817 3231 ama
848 3188 1101 3240 recipiunt;
1135 3187 1307 3233 deinde
1331 3203 1439 3232 cum
1468 3188 1772 3232 Lachmanno
1795 3194 1958 3240 putant
1981 3194 2165 3238 poetam

451 3280 541 3324 hoc
585 3280 672 3325 sibi
716 3282 863 3326 velle:
907 3282 1059 3334 „fama
1102 3282 1358 3336 acquiritur
1400 3282 1459 3327 ab
1501 3297 1559 3327 eo
1590 3290 1768 3326 tantum
1801 3281 1881 3333 qui
1913 3280 2022 3326 artis
2053 3295 2165 3325 suae

449 3374 679 3428 fastigium
724 3376 909 3429 attigit”.
941 3377 1038 3421 Alii
1072 3377 1232 3430 Lipsio
1270 3385 1525 3429 praeeunte
1570 3376 1708 3421 etiam
1755 3376 1885 3420 ulla
1927 3375 2165 3429 corrigunt

451 3469 755 3523 scribuntque
775 3486 901 3525 una;
931 3472 997 3517 sic
1019 3480 1175 3517 tamen
1204 3487 1231 3517 a
1243 3487 1269 3517 e
1283 3488 1313 3525 q
1328 3487 1359 3517 u
1373 3487 1404 3516 u
1419 3487 1440 3516 s
1469 3487 1563 3517 non
1593 3471 1800 3517 differret
1815 3486 1842 3516 a
1858 3485 1975 3516 voce
2007 3470 2064 3516 id
2076 3485 2103 3515 e
2115 3486 2162 3516 m
