2566 3886
1151 262 1388 309 -96-

474 396 505 440 d
519 395 574 440 el
589 410 616 439 a
629 410 659 448 p
674 410 695 439 s
709 410 739 439 u
754 409 775 439 s
807 394 866 438 in
898 394 929 438 h
944 409 973 439 o
987 409 1008 438 s
1023 402 1040 438 t
1053 409 1080 438 e
1094 409 1130 438 s.
1149 393 1277 439 Nam
1291 394 1460 440 iniuria
1479 395 1720 440 contendit
1738 395 1952 449 Paleyus:
1970 397 2189 452 „Virgil’s

477 491 781 536 well-known
840 490 1042 535 sensit
1102 489 1343 534 medios
1403 499 1515 534 etc.
1574 491 1779 543 pertains
1835 501 1883 536 to
1933 507 1993 537 an
2046 493 2191 538 idiom

471 586 714 632 restricted
746 594 794 630 to
825 585 968 631 verbs
1008 585 1056 630 of
1093 600 1229 630 sense
1267 585 1360 630 and
1406 586 1708 638 perception'’
1747 587 1803 632 cf.
1844 586 2089 632 Rothstein
2131 589 2190 633 ad

475 683 511 734 1,
547 682 616 734 16,
650 681 691 726 5.

468 873 791 926 Transpositio
822 888 1047 918 versuum
1083 871 1152 924 13,
1188 872 1243 917 14
1274 880 1379 917 ante
1414 872 1483 924 11,
1500 871 1555 916 12
1578 887 1720 925 quam
1744 873 1987 926 proposuit
2002 874 2190 919 Vahlen

468 967 789 1027 (Monatsber.
826 969 945 1014 K6n.
980 968 1165 1014 Preuss.
1199 968 1356 1013 Akad.
1389 969 1434 1012 d.
1452 968 1591 1013 Wiss.
1626 967 1737 1014 1881
1757 983 1802 1021 p.
1822 966 1937 1027 359)
1956 969 2190 1016 immerito

470 1065 707 1118 spernitur
737 1079 764 1109 a
797 1063 1117 1116 Rothsteinio;
1158 1078 1267 1108 nam
1306 1063 1579 1108 candida
1616 1078 1851 1108 vesana
1889 1063 2191 1110 verberat

467 1176 581 1206 ora
627 1175 814 1205 manu
861 1157 957 1218 (vs.
1002 1157 1084 1214 10)
1130 1168 1176 1204 et
1222 1158 1672 1212 foedavitque
1719 1174 1937 1204 comas
1986 1159 2190 1213 separari

469 1264 736 1310 nequeunt;
786 1271 854 1301 su
871 1264 974 1300 stu
992 1255 1073 1300 lit
1119 1270 1148 1299 ο
1165 1270 1187 1300 s
1204 1270 1268 1299 sa
1313 1263 1413 1299 tum
1458 1255 1651 1300 demum
1695 1255 1943 1307 perspicua
1984 1264 2106 1307 sunt,
2151 1256 2189 1300 si

470 1353 501 1397 d
520 1367 549 1397 o
566 1352 645 1397 mi
663 1368 694 1396 n
712 1367 743 1397 u
761 1367 808 1396 m
853 1352 911 1395 la
928 1366 960 1395 v
975 1351 990 1394 i
1007 1359 1025 1394 t
1068 1358 1342 1403 sequuntur.
1382 1349 1634 1395 Praeterea
1670 1350 1900 1395 vocabula
1942 1365 1969 1395 c
1984 1365 2014 1395 o
2030 1366 2055 1395 r
2072 1365 2103 1403 p
2119 1366 2151 1396 u
2168 1365 2189 1395 s

467 1463 514 1492 m
531 1463 559 1492 a
574 1448 636 1492 xi
654 1463 701 1491 m
718 1462 745 1492 a
775 1461 804 1491 o
822 1462 843 1491 s
860 1461 882 1491 s
899 1461 926 1490 a
957 1445 1297 1499 impedimento
1328 1454 1449 1497 sunt,
1482 1445 1735 1499 quominus
1759 1461 1867 1490 cum
1894 1445 2189 1491 Rothsteinio

469 1544 530 1588 de
562 1559 588 1588 c
605 1543 619 1587 i
637 1558 668 1587 n
686 1557 713 1587 e
730 1558 754 1587 r
771 1558 798 1588 e
829 1541 1100 1596 cogitemus.

468 1638 625 1683 Miror
684 1637 915 1683 vocabula
975 1646 1037 1681 et
1099 1636 1271 1681 tanti
1334 1651 1579 1690 corpus
1637 1636 1901 1682 Achilli
1953 1653 1981 1682 a
2032 1637 2188 1683 multis

467 1743 606 1788 atque
659 1734 714 1779 iis
766 1731 1087 1777 celeberrimis
1132 1731 1303 1776 criticis
1351 1730 1589 1776 Muellero
1635 1729 1850 1789 (praelat.
1898 1747 1942 1785 p.
1989 1730 2188 1791 XXVI)

467 1829 751 1883 Rossbergio
796 1826 1078 1886 (Lucubrat⁹
1127 1827 1268 1880 Prop.
1314 1843 1359 1881 p.
1394 1826 1449 1872 13
1479 1824 1576 1885 sq.)
1612 1827 1845 1889 Postgatio
1875 1825 1950 1885 (in
1981 1828 2187 1874 editione

465 1926 576 1971 anni
611 1924 753 1983 1894)
783 1932 1004 1978 corrupta
1033 1923 1192 1968 habita
1236 1938 1353 1968 esse.
1401 1922 1473 1975 „T
1489 1938 1517 1968 a
1533 1923 1630 1968 nti
1676 1932 1722 1968 et
1768 1939 1855 1977 per
1895 1938 1945 1968 se
1986 1924 2185 1977 languet,

466 2021 617 2076 inquit
641 2020 965 2074 Rossbergius‚
986 2027 1157 2064 etcum
1175 2018 1388 2072 sequenti
1420 2018 1654 2063 maxima
1684 2033 1808 2063 ossa
1844 2019 2184 2064 intolerabilem

464 2119 790 2171 pleonasmum
807 2115 991 2161 efficit’'.
1008 2114 1102 2160 Cui
1134 2114 1400 2168 respondeo
1415 2115 1617 2170 ἐμφάσει
1633 2114 1698 2159 uti
1725 2122 1926 2167 poetam,
1953 2122 2004 2158 ut
2022 2113 2184 2167 ingens

464 2213 664 2259 Achillis
710 2227 882 2266 corpus
923 2220 970 2256 et
1000 2225 1146 2264 parva
1177 2224 1343 2255 manus
1373 2218 1563 2254 tenerae
1594 2210 1777 2262 puellae
1808 2224 1949 2263 quam
1981 2209 2184 2254 maxime

464 2309 586 2353 inter
617 2322 667 2352 se
698 2314 1009 2360 opponantur.

333 2501 403 2546 11.
438 2499 507 2545 12.
570 2508 615 2544 et
647 2498 892 2543 dominum
924 2497 1037 2542 lavit
1068 2511 1284 2541 maerens
1314 2496 1499 2548 captiva
1529 2504 1792 2547 cruentum,

702 2593 994 2646 propositum
1026 2591 1181 2636 fluviis
1212 2591 1260 2635 in
1293 2590 1530 2636 Simoenta
1562 2591 1694 2635 vadis

463 2690 652 2735 Palmer
714 2687 962 2733 Rothstein
1024 2686 1299 2731 Phillimore
1360 2685 1595 2730 desiderio
1657 2699 1846 2737 semper
1904 2693 1951 2729 et
2003 2684 2180 2738 ubique

466 2784 781 2838 Neapolitano
812 2781 1104 2835 obsequendi
1152 2796 1268 2834 pro
1285 2781 1512 2833 positu
1530 2795 1576 2824 m
1621 2780 1668 2824 in
1700 2788 1829 2825 textu
1861 2788 2055 2832 ponunt.
2089 2779 2182 2825 Sed

463 2877 895 2933 proponendi
944 2877 1092 2922 verbo
1123 2876 1199 2921 hic
1231 2891 1327 2921 non
1359 2876 1502 2921 locus.
1536 2875 1663 2920 Nam
1696 2875 1743 2920 in
1776 2890 1834 2920 eo
1865 2889 2021 2927 versu,
2038 2889 2181 2928 quem

463 2975 571 3020 citat
603 2974 870 3019 Palmerus:
904 2971 998 3017 Ov.
1029 2971 1171 3016 Trist.
1204 2971 1291 3024 ΙΙΙ,
1322 2970 1365 3016 9.
1397 2969 1480 3015 29:

700 3069 895 3121 scopulo
926 3067 1147 3120 proponit
1177 3067 1225 3111 in
1258 3067 1364 3118 alto,

462 3179 849 3220 proponere
901 3178 1032 3208 suam
1080 3162 1167 3207 sibi
1211 3162 1308 3206 vim
1352 3161 1518 3206 habet:
1577 3161 1789 3213 palam
1836 3160 2178 3206 exhibere.

463 3261 742 3313 Amplector
773 3258 910 3312 igitur
955 3273 982 3303 a
998 3273 1029 3310 p
1046 3273 1077 3311 p
1094 3273 1123 3302 o
1140 3257 1191 3302 si
1209 3266 1226 3301 t
1244 3272 1275 3302 u
1292 3271 1339 3301 m
1361 3254 1415 3313 ¹),
1447 3256 1575 3309 quod
1608 3255 1656 3300 in
1689 3254 1787 3299 DV
1817 3254 2024 3308 legimus.

463 3356 590 3401 Cum
643 3369 799 3408 neque
851 3353 1134 3398 vocabulum
1188 3352 1394 3403 vadis,
1445 3366 1600 3404 neque
1653 3349 1913 3395 fluvius
1959 3349 2176 3395 adiectivi

380 3463 409 3509 ι)
458 3467 504 3500 cf.
531 3465 728 3500 Housman
753 3460 860 3506 (JPh.
886 3458 1003 3503 XXI,
1029 3473 1062 3502 p.
1091 3458 1186 3503 171).
