2566 3886
305 2213 374 2259 13.

306 2449 374 2495 15.

306 2685 374 2731 17.

304 2921 376 2966 24.

307 3155 378 3201 25.

1091 266 1355 313 -273-

431 405 611 450 torta,
652 412 739 450 pro
775 412 871 452 quo
901 397 999 443 fere
1029 412 1194 443 omnes
1225 413 1334 443 cum
1367 398 1492 443 Italis
1534 406 1663 443 tota
1705 399 1875 451 legunt,
1907 406 2034 443 recte
2066 399 2144 443 de-

430 493 580 539 fendit
611 493 869 546 Postgatius
899 490 1043 550 (JPh.
1073 493 1159 546 ΙΧ,
1176 508 1221 546 p.
1237 491 1336 551 69),
1365 493 1498 538 cuius
1526 493 1874 538 adnotationem
1903 493 2143 538 exscribo:

431 603 634 640 „corona
677 588 716 633 is
757 589 837 633 the
874 589 1064 633 coronal
1095 589 1142 634 of
1172 597 1302 641 stars,
1346 588 1502 633 which
1547 587 1708 641 Night‚
1749 588 1872 633 their
1908 587 2143 640 Goddess‚

431 697 581 728 wears
612 697 674 727 on
706 684 793 728 her
822 682 970 735 brow,
1001 684 1094 728 and
1126 691 1186 728 to
1199 691 1305 735 rta,
1337 698 1397 727 an
1429 683 1604 736 epithet
1635 683 1822 736 applied
1854 683 2076 736 properly
2097 692 2145 727 to

432 778 640 830 chaplets
681 778 730 822 ol
769 778 952 822 twisted
996 778 1154 822 leaves
1193 775 1278 835 (cf.
1309 786 1429 822 torta
1465 792 1658 830 quercu,
1690 777 1822 831 virg.
1854 777 1915 823 G.
1949 778 1985 830 Ι,
2017 776 2144 835 349),

431 873 560 926 gives
590 873 704 917 here
735 872 798 924 by
829 887 857 917 a
886 873 1043 926 happy
1074 873 1215 917 touch
1247 872 1326 917 the
1357 872 1604 925 scattering
1634 872 1682 917 of
1711 873 1790 917 the
1819 881 1934 917 stars
1961 887 2026 925 up
2051 873 2144 917 and

431 967 573 1012 down
603 967 684 1012 the
713 967 934 1012 heavens.
966 967 1023 1011 cf.
1056 966 1202 1012 Hom.
1236 966 1297 1018 11,
1332 965 1401 1019 18,
1432 965 1546 1011 485:

430 1063 482 1105 ἐν
512 1060 564 1104 δὲ
592 1062 648 1104 τὰ
681 1063 833 1119 τείρεα
862 1063 1014 1104 πάντα
1041 1063 1098 1104 τά
1126 1059 1157 1104 τ’
1164 1063 1364 1119 οὐρανὸς
1403 1059 1721 1118 ἐστεφάνωται
1763 1070 1809 1107 et
1851 1061 2009 1115 Apoll.
2055 1061 2145 1105 Rh.

433 1157 519 1210 ΙΙΙ,
553 1155 681 1202 1003.

433 1252 606 1304 Restat,
638 1260 688 1296 ut
719 1252 779 1296 de
810 1251 865 1296 iis
896 1250 1124 1303 versibuS,
1158 1266 1277 1303 quos
1308 1251 1474 1296 vitium
1496 1251 1782 1297 contraxisse
1802 1252 2015 1304 arbitror,
2032 1252 2145 1304 quid

432 1346 642 1399 sentiam,
674 1347 922 1399 proferam.

434 1476 530 1522 Hic
570 1491 735 1522 versus
766 1485 813 1521 et
844 1477 891 1521 in
924 1475 1238 1529 Neapolitano
1269 1485 1316 1521 et
1347 1476 1394 1521 in
1427 1476 1568 1521 DVF
1572 1477 1613 1521 L
1644 1486 1892 1530 corruptus
1923 1487 2006 1530 est,
2038 1493 2146 1522 cum

432 1571 536 1616 ille:
569 1571 868 1616 tantisne
899 1571 962 1616 in
994 1570 1319 1623 lacrimis,
1352 1571 1495 1616 ceteri
1527 1572 1734 1617 tantis
1766 1572 1827 1617 in
1862 1573 2148 1618 lacrimis

432 1667 708 1720 praebeant3
755 1681 851 1711 non
897 1674 1053 1711 tamen
1101 1666 1280 1719 dubito,
1328 1666 1442 1719 quin
1477 1666 1705 1712 Heinsius
1736 1682 1821 1713 sua
1851 1668 2146 1713 coniectura:

434 1761 700 1814 tantine,
732 1770 797 1807 ut
828 1762 1145 1814 lacrimes.
1178 1762 1400 1807 Africa
1431 1771 1573 1807 tota
1598 1762 2148 1816 fuithanumpoetae

434 1857 698 1903 restituerit.

436 1987 598 2040 Quare
608 1987 685 2033 hic
698 1987 947 2032 lectionem
961 1987 1177 2033 codicum
1194 1987 1290 2033 DV
1303 1997 1320 2033 t
1332 2002 1358 2033 e
1370 2003 1394 2033 r
1405 1987 1446 2033 it
1463 2003 1549 2041 pro
1571 1997 1628 2033 te
1642 2004 1666 2032 r
1679 2004 1706 2033 a
1720 1997 1736 2034 t
1760 2003 1921 2034 veram
1936 1989 2150 2042 habeam.

435 2082 639 2136 explicui
670 2083 729 2128 ad
762 2082 848 2135 111,
880 2081 951 2134 23,
986 2082 1054 2127 11.

436 2212 551 2259 Nox
581 2213 695 2258 mihi
727 2213 878 2266 prima
908 2213 1063 2259 venit!
1094 2213 1273 2267 primae
1304 2214 1411 2259 date
1441 2222 1655 2267 tempora
1686 2214 1849 2259 noctis.

439 2307 586 2353 Recte
617 2307 718 2353 Itali
750 2322 837 2360 pro
868 2308 899 2352 d
913 2324 940 2354 a
953 2317 971 2353 t
984 2323 1011 2353 e
1072 2309 1104 2354 d
1120 2323 1149 2354 a
1162 2316 1182 2353 t
1196 2323 1225 2353 a
1268 2323 1538 2361 reposuere.

438 2450 476 2496 P
489 2465 518 2495 o
532 2466 563 2495 n
577 2465 604 2495 e
616 2465 647 2495 n
661 2451 692 2495 d
706 2465 746 2503 a,
790 2465 877 2503 pro
919 2465 1015 2503 quo
1059 2451 1358 2495 Burmannus
1402 2466 1432 2503 p
1446 2466 1472 2495 a
1486 2466 1516 2495 n
1530 2460 1558 2504 g
1570 2466 1597 2495 e
1611 2466 1642 2495 n
1657 2452 1687 2495 d
1702 2466 1729 2495 a
1771 2452 1984 2504 coniecit,
2024 2461 2150 2497 recte

436 2545 647 2591 defendit
679 2545 1012 2591 Rothsteinius.

435 2684 563 2732 Cum
590 2686 822 2732 Beroaldo
837 2688 1045 2732 futurum
1077 2702 1102 2732 c
1116 2702 1145 2732 o
1159 2703 1189 2732 n
1204 2701 1225 2732 s
1238 2696 1255 2732 t
1269 2703 1293 2731 r
1306 2687 1363 2731 in
1377 2697 1404 2741 g
1418 2703 1444 2732 e
1458 2696 1475 2731 t
1506 2688 1861 2740 restituendum,
1881 2689 1940 2733 cf.
1958 2703 2149 2734 versum

438 2779 517 2825 19:
563 2796 589 2826 c
606 2796 633 2826 e
650 2782 681 2826 d
698 2797 725 2827 e
741 2797 772 2827 n
789 2791 820 2826 t.

437 2921 552 2967 Non
590 2937 708 2975 opus
746 2932 815 2968 est
850 2938 959 2969 cum
1012 2924 1285 2969 Burmanno
1311 2938 1398 2976 pro
1429 2939 1455 2968 c
1470 2939 1498 2969 o
1512 2940 1543 2969 n
1559 2925 1648 2969 tin
1661 2939 1688 2970 e
1702 2940 1729 2969 a
1742 2941 1772 2970 n
1788 2934 1805 2969 t
1851 2926 2151 2970 continuent

437 3031 682 3070 reponere.
726 3016 1117 3063 Contineant
1158 3018 1284 3063 enim
1327 3018 1387 3063 in
1430 3033 1490 3063 se
1531 3018 1802 3064 habeant
1842 3019 2078 3073 significat.

439 3166 549 3211 ergo
579 3158 661 3211 qui
691 3167 848 3211 pactas
878 3159 926 3204 in
957 3159 1150 3204 foedera
1180 3159 1359 3212 ruperit
1389 3173 1505 3204 aras.

439 3250 586 3296 Varia
615 3253 861 3299 coniecere
892 3253 982 3299 viri
1008 3254 1159 3299 docti:

436 3355 548 3400 ergo
577 3347 659 3400 qui
689 3347 820 3393 tactis
850 3348 966 3393 haec
998 3348 1188 3393 foedera
1218 3348 1397 3400 ruperit
1427 3348 1518 3393 aris
1548 3345 1902 3406 (Burmannus)

442 3450 552 3494 ergo
594 3451 728 3494 pacta
757 3442 852 3487 suis
882 3442 964 3495 qui
993 3443 1187 3488 foedera
1217 3443 1396 3495 ruperit
1426 3443 1516 3487 aris
1547 3440 1915 3501 (Baehrensius)

2007 3524 2054 3561 18
