<?xml version="1.0" encoding="UTF-8"?>
<!DOCTYPE html PUBLIC "-//W3C//DTD XHTML 1.0 Transitional//EN"
    "http://www.w3.org/TR/xhtml1/DTD/xhtml1-transitional.dtd">
<html xmlns="http://www.w3.org/1999/xhtml" xml:lang="en" lang="en">
 <head>
  <title>
</title>
<meta http-equiv="Content-Type" content="text/html;charset=utf-8" />
  <meta name='ocr-system' content='tesseract 3.04.00' />
  <meta name='ocr-capabilities' content='ocr_page ocr_carea ocr_par ocr_line ocrx_word'/>
</head>
<body>
  <div class='ocr_page' id='page_1' title='image "./adpropertiicarmi00enkpuoft_0176.png"; bbox 0 0 2566 3886; ppageno 0'>
   <div class='ocr_carea' id='block_1_1' title="bbox 335 679 404 724">
    <p class='ocr_par' dir='ltr' id='par_1_1' title="bbox 335 679 404 724">
     <span class='ocr_line' id='line_1_1' title="bbox 335 679 404 724; baseline 0 0"><span class='ocrx_word' id='word_1_1' title='bbox 335 679 404 724; x_wconf 91' lang='grc'><strong>15.</strong></span> 
     </span>
    </p>
   </div>
   <div class='ocr_carea' id='block_1_2' title="bbox 332 1060 403 1106">
    <p class='ocr_par' dir='ltr' id='par_1_2' title="bbox 332 1060 403 1106">
     <span class='ocr_line' id='line_1_2' title="bbox 332 1060 403 1106; baseline -0.014 0"><span class='ocrx_word' id='word_1_2' title='bbox 332 1060 403 1106; x_wconf 89' lang='grc'><strong>23.</strong></span> 
     </span>
    </p>
   </div>
   <div class='ocr_carea' id='block_1_3' title="bbox 332 1820 404 1866">
    <p class='ocr_par' dir='ltr' id='par_1_3' title="bbox 332 1820 404 1866">
     <span class='ocr_line' id='line_1_3' title="bbox 332 1820 404 1866; baseline -0.014 0"><span class='ocrx_word' id='word_1_3' title='bbox 332 1820 404 1866; x_wconf 87' lang='grc'><strong>28.</strong></span> 
     </span>
    </p>
   </div>
   <div class='ocr_carea' id='block_1_4' title="bbox 1135 260 1400 306">
    <p class='ocr_par' dir='ltr' id='par_1_4' title="bbox 1135 260 1400 306">
     <span class='ocr_line' id='line_1_4' title="bbox 1135 260 1400 306; baseline 0 0"><span class='ocrx_word' id='word_1_4' title='bbox 1135 286 1192 292; x_wconf 88' lang='grc'>-</span> <span class='ocrx_word' id='word_1_5' title='bbox 1227 260 1400 306; x_wconf 87' lang='grc'>160-</span> 
     </span>
    </p>
   </div>
   <div class='ocr_carea' id='block_1_5' title="bbox 466 391 2179 447">
    <p class='ocr_par' dir='ltr' id='par_1_5' title="bbox 466 391 2179 447">
     <span class='ocr_line' id='line_1_5' title="bbox 466 391 2179 447; baseline 0.002 -9"><span class='ocrx_word' id='word_1_6' title='bbox 466 402 593 438; x_wconf 87' lang='lat' dir='ltr'><strong>certa</strong></span> <span class='ocrx_word' id='word_1_7' title='bbox 623 401 718 444; x_wconf 89' lang='lat' dir='ltr'><strong>est;</strong></span> <span class='ocrx_word' id='word_1_8' title='bbox 751 391 922 437; x_wconf 90' lang='lat' dir='ltr'><strong>mirum</strong></span> <span class='ocrx_word' id='word_1_9' title='bbox 955 393 1084 446; x_wconf 86' lang='lat' dir='ltr'><strong>quod</strong></span> <span class='ocrx_word' id='word_1_10' title='bbox 1115 392 1319 437; x_wconf 87' lang='lat' dir='ltr'>editores</span> <span class='ocrx_word' id='word_1_11' title='bbox 1351 392 1464 438; x_wconf 84' lang='lat' dir='ltr'><strong>tales</strong></span> <span class='ocrx_word' id='word_1_12' title='bbox 1495 392 1786 438; x_wconf 89' lang='lat' dir='ltr'><strong>coniecturas</strong></span> <span class='ocrx_word' id='word_1_13' title='bbox 1818 403 2070 447; x_wconf 85' lang='lat' dir='ltr'><strong>spernunt;</strong></span> <span class='ocrx_word' id='word_1_14' title='bbox 2097 396 2179 441; x_wconf 87' lang='lat' dir='ltr'><strong>sed</strong></span> 
     </span>
    </p>
   </div>
   <div class='ocr_carea' id='block_1_6' title="bbox 467 487 2116 542">
    <p class='ocr_par' dir='ltr' id='par_1_6' title="bbox 467 487 2116 542">
     <span class='ocr_line' id='line_1_6' title="bbox 467 487 2116 542; baseline 0.001 -9"><span class='ocrx_word' id='word_1_15' title='bbox 467 498 623 534; x_wconf 90' lang='lat' dir='ltr'><strong>tamen</strong></span> <span class='ocrx_word' id='word_1_16' title='bbox 655 502 797 532; x_wconf 91' lang='lat' dir='ltr'><strong>nemo</strong></span> <span class='ocrx_word' id='word_1_17' title='bbox 828 487 1080 541; x_wconf 87' lang='lat' dir='ltr'><strong>quicquam</strong></span> <span class='ocrx_word' id='word_1_18' title='bbox 1112 496 1302 532; x_wconf 87' lang='lat' dir='ltr'><strong>annotat</strong></span> <span class='ocrx_word' id='word_1_19' title='bbox 1332 488 1460 541; x_wconf 86' lang='lat' dir='ltr'><strong>quod</strong></span> <span class='ocrx_word' id='word_1_20' title='bbox 1493 488 1650 532; x_wconf 91' lang='lat' dir='ltr'><strong>locum</strong></span> <span class='ocrx_word' id='word_1_21' title='bbox 1682 487 1917 540; x_wconf 85' lang='lat' dir='ltr'><strong>explicare</strong></span> <span class='ocrx_word' id='word_1_22' title='bbox 1949 490 2116 542; x_wconf 85' lang='lat' dir='ltr'><strong>possit!</strong></span> 
     </span>
    </p>
   </div>
   <div class='ocr_carea' id='block_1_7' title="bbox 468 676 2180 730">
    <p class='ocr_par' dir='ltr' id='par_1_7' title="bbox 468 676 2180 730">
     <span class='ocr_line' id='line_1_7' title="bbox 468 676 2180 730; baseline 0.001 -6"><span class='ocrx_word' id='word_1_23' title='bbox 468 679 579 724; x_wconf 92' lang='lat' dir='ltr'><strong>Hoc</strong></span> <span class='ocrx_word' id='word_1_24' title='bbox 625 693 767 723; x_wconf 85' lang='lat' dir='ltr'><strong>versu</strong></span> <span class='ocrx_word' id='word_1_25' title='bbox 810 677 1123 722; x_wconf 89' lang='lat' dir='ltr'><strong>Baehrensius</strong></span> <span class='ocrx_word' id='word_1_26' title='bbox 1154 676 1324 722; x_wconf 86' lang='lat' dir='ltr'><strong>iniuria</strong></span> <span class='ocrx_word' id='word_1_27' title='bbox 1366 692 1515 730; x_wconf 88' lang='lat' dir='ltr'><strong>prae</strong></span> <span class='ocrx_word' id='word_1_28' title='bbox 1558 677 1811 723; x_wconf 89' lang='lat' dir='ltr'><strong>invidia</strong></span> <span class='ocrx_word' id='word_1_29' title='bbox 1852 678 2099 724; x_wconf 89' lang='lat' dir='ltr'><strong>lectionem</strong></span> <span class='ocrx_word' id='word_1_30' title='bbox 2134 679 2180 726; x_wconf 89' lang='lat' dir='ltr'>O</span> 
     </span>
    </p>
   </div>
   <div class='ocr_carea' id='block_1_8' title="bbox 466 772 2181 921">
    <p class='ocr_par' dir='ltr' id='par_1_8' title="bbox 466 772 2181 921">
     <span class='ocr_line' id='line_1_8' title="bbox 466 772 2181 827; baseline 0.001 -8"><span class='ocrx_word' id='word_1_31' title='bbox 466 773 682 827; x_wconf 89' lang='lat' dir='ltr'><strong>praetulit</strong></span> <span class='ocrx_word' id='word_1_32' title='bbox 746 773 1047 826; x_wconf 80' lang='lat' dir='ltr'>Neapolitani</span> <span class='ocrx_word' id='word_1_33' title='bbox 1091 772 1278 818; x_wconf 90' lang='lat' dir='ltr'><strong>lectioni</strong></span> <span class='ocrx_word' id='word_1_34' title='bbox 1341 788 1370 817; x_wconf 94' lang='lat' dir='ltr'><strong>o</strong></span> <span class='ocrx_word' id='word_1_35' title='bbox 1387 773 1419 817; x_wconf 94' lang='lat' dir='ltr'><strong>b</strong></span> <span class='ocrx_word' id='word_1_36' title='bbox 1481 772 1545 817; x_wconf 91' lang='lat' dir='ltr'><strong>in</strong></span> <span class='ocrx_word' id='word_1_37' title='bbox 1562 788 1594 818; x_wconf 90' lang='lat' dir='ltr'><strong>v</strong></span> <span class='ocrx_word' id='word_1_38' title='bbox 1610 773 1624 817; x_wconf 93' lang='lat' dir='ltr'><strong>i</strong></span> <span class='ocrx_word' id='word_1_39' title='bbox 1643 774 1673 818; x_wconf 94' lang='lat' dir='ltr'><strong>d</strong></span> <span class='ocrx_word' id='word_1_40' title='bbox 1692 773 1707 817; x_wconf 93' lang='lat' dir='ltr'><strong>i</strong></span> <span class='ocrx_word' id='word_1_41' title='bbox 1723 788 1751 818; x_wconf 90' lang='lat' dir='ltr'><strong>a</strong></span> <span class='ocrx_word' id='word_1_42' title='bbox 1766 788 1814 818; x_wconf 95' lang='lat' dir='ltr'><strong>m</strong></span> <span class='ocrx_word' id='word_1_43' title='bbox 1875 773 1932 818; x_wconf 87' lang='lat' dir='ltr'><strong>cf.</strong></span> <span class='ocrx_word' id='word_1_44' title='bbox 1978 773 2181 820; x_wconf 87' lang='lat' dir='ltr'><strong>Housm.</strong></span> 
     </span>
     <span class='ocr_line' id='line_1_9' title="bbox 466 867 948 921; baseline -0.006 -6"><span class='ocrx_word' id='word_1_45' title='bbox 466 869 584 915; x_wconf 88' lang='lat' dir='ltr'><strong>JPh.</strong></span> <span class='ocrx_word' id='word_1_46' title='bbox 616 867 738 913; x_wconf 92' lang='lat' dir='ltr'><strong>XXI</strong></span> <span class='ocrx_word' id='word_1_47' title='bbox 770 883 815 921; x_wconf 91' lang='lat' dir='ltr'><strong>p.</strong></span> <span class='ocrx_word' id='word_1_48' title='bbox 851 867 948 913; x_wconf 84' lang='lat'>130.</span> 
     </span>
    </p>
   </div>
   <div class='ocr_carea' id='block_1_9' title="bbox 465 1057 2186 1592">
    <p class='ocr_par' dir='ltr' id='par_1_9' title="bbox 465 1057 2185 1301">
     <span class='ocr_line' id='line_1_10' title="bbox 466 1057 2185 1113; baseline 0 -7"><span class='ocrx_word' id='word_1_49' title='bbox 466 1060 561 1106; x_wconf 90' lang='lat' dir='ltr'><strong>Pro</strong></span> <span class='ocrx_word' id='word_1_50' title='bbox 595 1059 948 1113; x_wconf 82' lang='lat' dir='ltr'><strong>Cambysae</strong></span> <span class='ocrx_word' id='word_1_51' title='bbox 976 1074 1085 1104; x_wconf 90' lang='lat' dir='ltr'><strong>cum</strong></span> <span class='ocrx_word' id='word_1_52' title='bbox 1119 1058 1358 1104; x_wconf 89' lang='lat' dir='ltr'><strong>Schadero</strong></span> <span class='ocrx_word' id='word_1_53' title='bbox 1389 1058 1492 1112; x_wconf 90' lang='lat' dir='ltr'><strong>lego</strong></span> <span class='ocrx_word' id='word_1_54' title='bbox 1535 1058 1652 1103; x_wconf 90' lang='lat' dir='ltr'><strong>iam</strong></span> <span class='ocrx_word' id='word_1_55' title='bbox 1685 1057 1910 1112; x_wconf 80' lang='lat' dir='ltr'><strong>Gygae.</strong></span> <span class='ocrx_word' id='word_1_56' title='bbox 1939 1059 2185 1106; x_wconf 89' lang='lat' dir='ltr'><strong>Vahlenus</strong></span> 
     </span>
     <span class='ocr_line' id='line_1_11' title="bbox 465 1152 2183 1208; baseline -0.001 -8"><span class='ocrx_word' id='word_1_57' title='bbox 465 1156 514 1200; x_wconf 93' lang='lat' dir='ltr'><strong>in</strong></span> <span class='ocrx_word' id='word_1_58' title='bbox 561 1164 740 1200; x_wconf 89' lang='lat' dir='ltr'><strong>textum</strong></span> <span class='ocrx_word' id='word_1_59' title='bbox 786 1154 976 1207; x_wconf 84' lang='lat' dir='ltr'>recipit:</span> <span class='ocrx_word' id='word_1_60' title='bbox 1037 1153 1409 1199; x_wconf 87' lang='lat' dir='ltr'><strong>Cambletae</strong></span> <span class='ocrx_word' id='word_1_61' title='bbox 1468 1169 1528 1198; x_wconf 87' lang='lat' dir='ltr'><strong>ex</strong></span> <span class='ocrx_word' id='word_1_62' title='bbox 1561 1152 1831 1198; x_wconf 90' lang='lat' dir='ltr'><strong>coniectura</strong></span> <span class='ocrx_word' id='word_1_63' title='bbox 1862 1153 2064 1206; x_wconf 87' lang='lat' dir='ltr'><strong>Bergkii,</strong></span> <span class='ocrx_word' id='word_1_64' title='bbox 2103 1154 2183 1208; x_wconf 82' lang='lat' dir='ltr'><strong>qui</strong></span> 
     </span>
     <span class='ocr_line' id='line_1_12' title="bbox 466 1248 1803 1301; baseline -0.002 -5"><span class='ocrx_word' id='word_1_65' title='bbox 466 1252 593 1296; x_wconf 90' lang='lat' dir='ltr'><strong>hunc</strong></span> <span class='ocrx_word' id='word_1_66' title='bbox 624 1251 782 1295; x_wconf 91' lang='lat' dir='ltr'><strong>locum</strong></span> <span class='ocrx_word' id='word_1_67' title='bbox 814 1265 874 1295; x_wconf 87' lang='lat' dir='ltr'><strong>ex</strong></span> <span class='ocrx_word' id='word_1_68' title='bbox 904 1249 1155 1294; x_wconf 88' lang='lat' dir='ltr'><strong>Athenaeo</strong></span> <span class='ocrx_word' id='word_1_69' title='bbox 1187 1248 1236 1294; x_wconf 90' lang='lat' dir='ltr'><strong>X</strong></span> <span class='ocrx_word' id='word_1_70' title='bbox 1267 1264 1312 1301; x_wconf 88' lang='lat' dir='ltr'><strong>p.</strong></span> <span class='ocrx_word' id='word_1_71' title='bbox 1345 1248 1431 1294; x_wconf 87' lang='lat'><strong>415</strong></span> <span class='ocrx_word' id='word_1_72' title='bbox 1466 1248 1510 1294; x_wconf 94' lang='lat' dir='ltr'>C</span> <span class='ocrx_word' id='word_1_73' title='bbox 1542 1257 1803 1301; x_wconf 90' lang='lat' dir='ltr'><strong>comparat:</strong></span> 
     </span>
    </p>

    <p class='ocr_par' dir='ltr' id='par_1_10' title="bbox 466 1341 2186 1592">
     <span class='ocr_line' id='line_1_13' title="bbox 467 1341 2186 1400; baseline -0.001 -12"><span class='ocrx_word' id='word_1_74' title='bbox 467 1343 655 1395; x_wconf 74' lang='grc' dir='ltr'><strong><em>Ξάνθος</em></strong></span> <span class='ocrx_word' id='word_1_75' title='bbox 690 1344 743 1388; x_wconf 80' lang='grc' dir='ltr'><strong>δὲ</strong></span> <span class='ocrx_word' id='word_1_76' title='bbox 776 1346 828 1387; x_wconf 81' lang='grc' dir='ltr'><strong>ἐν</strong></span> <span class='ocrx_word' id='word_1_77' title='bbox 857 1350 953 1394; x_wconf 84' lang='grc' dir='ltr'><strong><em>τοῖς</em></strong></span> <span class='ocrx_word' id='word_1_78' title='bbox 979 1343 1239 1394; x_wconf 83' lang='grc' dir='ltr'><strong><em>Λυδιακοῖς</em></strong></span> <span class='ocrx_word' id='word_1_79' title='bbox 1266 1341 1524 1400; x_wconf 80' lang='grc' dir='ltr'><strong><em>Κάμβλητά</em></strong></span> <span class='ocrx_word' id='word_1_80' title='bbox 1554 1357 1687 1400; x_wconf 86' lang='grc' dir='ltr'><strong><em>φησι,</em></strong></span> <span class='ocrx_word' id='word_1_81' title='bbox 1727 1344 1809 1386; x_wconf 82' lang='grc' dir='ltr'><strong>τὸν</strong></span> <span class='ocrx_word' id='word_1_82' title='bbox 1847 1342 2186 1400; x_wconf 77' lang='grc' dir='ltr'><strong><em>βασιλεύσαντα</em></strong></span> 
     </span>
     <span class='ocr_line' id='line_1_14' title="bbox 466 1437 2186 1497; baseline -0.001 -14"><span class='ocrx_word' id='word_1_83' title='bbox 466 1438 655 1494; x_wconf 82' lang='grc' dir='ltr'><strong><em>Λυδῶν,</em></strong></span> <span class='ocrx_word' id='word_1_84' title='bbox 687 1438 971 1497; x_wconf 78' lang='grc' dir='ltr'><strong><em>πολυφάγον</em></strong></span> <span class='ocrx_word' id='word_1_85' title='bbox 989 1438 1213 1497; x_wconf 71' lang='grc' dir='ltr'><strong><em>γενέσθαι</em></strong></span> <span class='ocrx_word' id='word_1_86' title='bbox 1232 1440 1314 1482; x_wconf 81' lang='grc' dir='ltr'><strong>καὶ</strong></span> <span class='ocrx_word' id='word_1_87' title='bbox 1333 1437 1622 1495; x_wconf 79' lang='grc' dir='ltr'><strong><em>πολυπότην,</em></strong></span> <span class='ocrx_word' id='word_1_88' title='bbox 1653 1439 1720 1481; x_wconf 72' lang='grc' dir='ltr'><strong>ἔτι</strong></span> <span class='ocrx_word' id='word_1_89' title='bbox 1751 1438 1802 1482; x_wconf 84' lang='grc' dir='ltr'><strong>δε</strong></span> <span class='ocrx_word' id='word_1_90' title='bbox 1832 1442 2186 1497; x_wconf 78' lang='grc' dir='ltr'><strong><em>γαστρίμαργον.</em></strong></span> 
     </span>
     <span class='ocr_line' id='line_1_15' title="bbox 466 1531 2186 1592; baseline -0.001 -12"><span class='ocrx_word' id='word_1_91' title='bbox 466 1535 533 1580; x_wconf 88' lang='lat' dir='ltr'><strong>At</strong></span> <span class='ocrx_word' id='word_1_92' title='bbox 560 1535 676 1580; x_wconf 90' lang='lat' dir='ltr'><strong>nihil</strong></span> <span class='ocrx_word' id='word_1_93' title='bbox 707 1535 768 1580; x_wconf 90' lang='lat' dir='ltr'><strong>de</strong></span> <span class='ocrx_word' id='word_1_94' title='bbox 800 1534 901 1580; x_wconf 93' lang='lat' dir='ltr'><strong>eius</strong></span> <span class='ocrx_word' id='word_1_95' title='bbox 933 1534 1107 1579; x_wconf 89' lang='lat' dir='ltr'><strong>divitiis</strong></span> <span class='ocrx_word' id='word_1_96' title='bbox 1137 1534 1347 1588; x_wconf 88' lang='lat' dir='ltr'><strong>legimus,</strong></span> <span class='ocrx_word' id='word_1_97' title='bbox 1379 1542 1430 1579; x_wconf 93' lang='lat' dir='ltr'><strong>ut</strong></span> <span class='ocrx_word' id='word_1_98' title='bbox 1463 1533 1709 1579; x_wconf 91' lang='lat' dir='ltr'><strong>Rothstein</strong></span> <span class='ocrx_word' id='word_1_99' title='bbox 1741 1531 1974 1592; x_wconf 88' lang='lat' dir='ltr'><strong>(Anhang</strong></span> <span class='ocrx_word' id='word_1_100' title='bbox 2004 1550 2049 1587; x_wconf 88' lang='lat' dir='ltr'><strong>p.</strong></span> <span class='ocrx_word' id='word_1_101' title='bbox 2072 1531 2186 1592; x_wconf 88' lang='lat'>350)</span> 
     </span>
    </p>
   </div>
   <div class='ocr_carea' id='block_1_10' title="bbox 468 1630 702 1676">
    <p class='ocr_par' dir='ltr' id='par_1_11' title="bbox 468 1630 702 1676">
     <span class='ocr_line' id='line_1_16' title="bbox 468 1630 702 1676; baseline -0.009 0"><span class='ocrx_word' id='word_1_102' title='bbox 468 1630 702 1676; x_wconf 88' lang='lat' dir='ltr'><strong>observat.</strong></span> 
     </span>
    </p>
   </div>
   <div class='ocr_carea' id='block_1_11' title="bbox 465 1819 2189 3111">
    <p class='ocr_par' dir='ltr' id='par_1_12' title="bbox 468 1819 1924 1885">
     <span class='ocr_line' id='line_1_17' title="bbox 468 1819 1924 1885; baseline -0.001 -19"><span class='ocrx_word' id='word_1_103' title='bbox 468 1820 677 1866; x_wconf 91' lang='lat' dir='ltr'><strong>Multum</strong></span> <span class='ocrx_word' id='word_1_104' title='bbox 724 1820 773 1865; x_wconf 91' lang='lat' dir='ltr'><strong>in</strong></span> <span class='ocrx_word' id='word_1_105' title='bbox 820 1834 981 1865; x_wconf 91' lang='lat' dir='ltr'><strong>amore</strong></span> <span class='ocrx_word' id='word_1_106' title='bbox 1027 1819 1158 1872; x_wconf 89' lang='lat' dir='ltr'><strong>fides,</strong></span> <span class='ocrx_word' id='word_1_107' title='bbox 1191 1819 1390 1864; x_wconf 90' lang='lat' dir='ltr'><strong>multum</strong></span> <span class='ocrx_word' id='word_1_108' title='bbox 1422 1819 1680 1864; x_wconf 89' lang='lat' dir='ltr'><strong>constantia</strong></span> <span class='ocrx_word' id='word_1_109' title='bbox 1710 1820 1924 1885; x_wconf 88' lang='lat' dir='ltr'><strong>prodest:</strong></span> 
     </span>
    </p>

    <p class='ocr_par' dir='ltr' id='par_1_13' title="bbox 465 1915 2189 2349">
     <span class='ocr_line' id='line_1_18' title="bbox 584 1915 1824 1970; baseline -0.001 -9"><span class='ocrx_word' id='word_1_110' title='bbox 584 1916 666 1970; x_wconf 87' lang='lat' dir='ltr'><strong>qui</strong></span> <span class='ocrx_word' id='word_1_111' title='bbox 697 1916 811 1961; x_wconf 87' lang='lat' dir='ltr'><strong>dare</strong></span> <span class='ocrx_word' id='word_1_112' title='bbox 842 1916 988 1961; x_wconf 87' lang='lat' dir='ltr'><strong>multa</strong></span> <span class='ocrx_word' id='word_1_113' title='bbox 1018 1923 1184 1969; x_wconf 91' lang='lat' dir='ltr'><strong>potest,</strong></span> <span class='ocrx_word' id='word_1_114' title='bbox 1217 1915 1363 1960; x_wconf 89' lang='lat' dir='ltr'><strong>multa</strong></span> <span class='ocrx_word' id='word_1_115' title='bbox 1393 1923 1439 1960; x_wconf 93' lang='lat' dir='ltr'><strong>et</strong></span> <span class='ocrx_word' id='word_1_116' title='bbox 1469 1929 1628 1960; x_wconf 90' lang='lat' dir='ltr'><strong>amare</strong></span> <span class='ocrx_word' id='word_1_117' title='bbox 1659 1923 1824 1968; x_wconf 86' lang='lat' dir='ltr'><strong>potest.</strong></span> 
     </span>
     <span class='ocr_line' id='line_1_19' title="bbox 467 2009 2189 2070; baseline 0.001 -14"><span class='ocrx_word' id='word_1_118' title='bbox 467 2011 769 2056; x_wconf 89' lang='lat' dir='ltr'><strong>Pentameter</strong></span> <span class='ocrx_word' id='word_1_119' title='bbox 798 2011 968 2065; x_wconf 90' lang='lat' dir='ltr'><strong>legenti</strong></span> <span class='ocrx_word' id='word_1_120' title='bbox 1000 2010 1318 2056; x_wconf 87' lang='lat' dir='ltr'><strong>difficultatem</strong></span> <span class='ocrx_word' id='word_1_121' title='bbox 1350 2010 1545 2064; x_wconf 83' lang='lat' dir='ltr'><strong>praebet</strong></span> <span class='ocrx_word' id='word_1_122' title='bbox 1561 2009 1627 2070; x_wconf 86' lang='grc'><strong>1);</strong></span> <span class='ocrx_word' id='word_1_123' title='bbox 1660 2011 1697 2056; x_wconf 91' lang='lat' dir='ltr'><strong>si</strong></span> <span class='ocrx_word' id='word_1_124' title='bbox 1729 2011 1857 2056; x_wconf 91' lang='lat' dir='ltr'><strong>enim</strong></span> <span class='ocrx_word' id='word_1_125' title='bbox 1888 2011 1993 2064; x_wconf 89' lang='lat' dir='ltr'><strong>qui</strong></span> <span class='ocrx_word' id='word_1_126' title='bbox 2038 2012 2189 2057; x_wconf 85' lang='lat' dir='ltr'><strong>dare</strong></span> 
     </span>
     <span class='ocr_line' id='line_1_20' title="bbox 466 2106 2186 2159; baseline 0.001 -9"><span class='ocrx_word' id='word_1_127' title='bbox 466 2107 658 2151; x_wconf 89' lang='lat' dir='ltr'><strong>multa</strong></span> <span class='ocrx_word' id='word_1_128' title='bbox 715 2115 926 2159; x_wconf 91' lang='lat' dir='ltr'><strong>potest</strong></span> <span class='ocrx_word' id='word_1_129' title='bbox 984 2107 1045 2151; x_wconf 88' lang='lat' dir='ltr'><strong>de</strong></span> <span class='ocrx_word' id='word_1_130' title='bbox 1091 2106 1377 2152; x_wconf 89' lang='lat' dir='ltr'><strong>amatoribus</strong></span> <span class='ocrx_word' id='word_1_131' title='bbox 1423 2106 1527 2151; x_wconf 91' lang='lat' dir='ltr'><strong>fidis</strong></span> <span class='ocrx_word' id='word_1_132' title='bbox 1573 2106 1722 2159; x_wconf 91' lang='lat' dir='ltr'><strong>qualis</strong></span> <span class='ocrx_word' id='word_1_133' title='bbox 1783 2106 2057 2159; x_wconf 86' lang='lat' dir='ltr'><strong>Propertius</strong></span> <span class='ocrx_word' id='word_1_134' title='bbox 2103 2114 2186 2158; x_wconf 87' lang='lat' dir='ltr'><strong>est,</strong></span> 
     </span>
     <span class='ocr_line' id='line_1_21' title="bbox 466 2200 2186 2255; baseline 0 -9"><span class='ocrx_word' id='word_1_135' title='bbox 466 2200 735 2254; x_wconf 84' lang='lat' dir='ltr'><strong>accipimus,</strong></span> <span class='ocrx_word' id='word_1_136' title='bbox 782 2216 870 2255; x_wconf 90' lang='lat' dir='ltr'><strong>pro</strong></span> <span class='ocrx_word' id='word_1_137' title='bbox 917 2201 1068 2246; x_wconf 90' lang='lat' dir='ltr'><strong>verbo</strong></span> <span class='ocrx_word' id='word_1_138' title='bbox 1100 2201 1243 2246; x_wconf 90' lang='lat' dir='ltr'><strong>dandi</strong></span> <span class='ocrx_word' id='word_1_139' title='bbox 1275 2201 1401 2246; x_wconf 86' lang='lat' dir='ltr'><strong>aliud</strong></span> <span class='ocrx_word' id='word_1_140' title='bbox 1434 2210 1518 2255; x_wconf 87' lang='lat' dir='ltr'><strong>e.g.</strong></span> <span class='ocrx_word' id='word_1_141' title='bbox 1564 2202 1792 2246; x_wconf 90' lang='lat' dir='ltr'><strong>durare</strong></span> <span class='ocrx_word' id='word_1_142' title='bbox 1842 2209 2186 2254; x_wconf 85' lang='lat' dir='ltr'><strong>exspectamus,</strong></span> 
     </span>
     <span class='ocr_line' id='line_1_22' title="bbox 465 2295 1729 2349; baseline -0.001 -8"><span class='ocrx_word' id='word_1_143' title='bbox 465 2296 594 2349; x_wconf 88' lang='lat' dir='ltr'><strong>quod</strong></span> <span class='ocrx_word' id='word_1_144' title='bbox 626 2295 831 2341; x_wconf 90' lang='lat' dir='ltr'><strong>sentiens</strong></span> <span class='ocrx_word' id='word_1_145' title='bbox 864 2295 1191 2348; x_wconf 89' lang='lat' dir='ltr'><strong>Hieronymus</strong></span> <span class='ocrx_word' id='word_1_146' title='bbox 1222 2297 1283 2341; x_wconf 92' lang='lat' dir='ltr'><strong>de</strong></span> <span class='ocrx_word' id='word_1_147' title='bbox 1316 2296 1470 2341; x_wconf 91' lang='lat' dir='ltr'><strong>Bosch</strong></span> <span class='ocrx_word' id='word_1_148' title='bbox 1502 2295 1729 2341; x_wconf 89' lang='lat' dir='ltr'><strong>coniecit:</strong></span> 
     </span>
    </p>

    <p class='ocr_par' dir='ltr' id='par_1_14' title="bbox 465 2391 2186 3016">
     <span class='ocr_line' id='line_1_23' title="bbox 585 2391 1703 2444; baseline 0 -9"><span class='ocrx_word' id='word_1_149' title='bbox 585 2391 667 2444; x_wconf 84' lang='lat' dir='ltr'><strong>qui</strong></span> <span class='ocrx_word' id='word_1_150' title='bbox 699 2391 871 2436; x_wconf 87' lang='lat' dir='ltr'><strong>durare</strong></span> <span class='ocrx_word' id='word_1_151' title='bbox 902 2400 1054 2444; x_wconf 89' lang='lat' dir='ltr'><strong>potest</strong></span> <span class='ocrx_word' id='word_1_152' title='bbox 1085 2392 1243 2443; x_wconf 87' lang='lat' dir='ltr'><strong>multa,</strong></span> <span class='ocrx_word' id='word_1_153' title='bbox 1276 2399 1322 2435; x_wconf 91' lang='lat' dir='ltr'><strong>et</strong></span> <span class='ocrx_word' id='word_1_154' title='bbox 1350 2406 1507 2436; x_wconf 87' lang='lat' dir='ltr'><strong>amare</strong></span> <span class='ocrx_word' id='word_1_155' title='bbox 1539 2399 1703 2443; x_wconf 85' lang='lat' dir='ltr'><strong>potest.</strong></span> 
     </span>
     <span class='ocr_line' id='line_1_24' title="bbox 466 2485 2186 2540; baseline -0.001 -9"><span class='ocrx_word' id='word_1_156' title='bbox 466 2485 513 2531; x_wconf 91' lang='lat' dir='ltr'><strong>Si</strong></span> <span class='ocrx_word' id='word_1_157' title='bbox 546 2487 607 2530; x_wconf 90' lang='lat' dir='ltr'><strong>de</strong></span> <span class='ocrx_word' id='word_1_158' title='bbox 637 2487 824 2531; x_wconf 88' lang='lat' dir='ltr'><strong>aemulo</strong></span> <span class='ocrx_word' id='word_1_159' title='bbox 847 2486 1079 2540; x_wconf 89' lang='lat' dir='ltr'><strong>Propertii</strong></span> <span class='ocrx_word' id='word_1_160' title='bbox 1109 2486 1378 2540; x_wconf 81' lang='lat' dir='ltr'><strong>cogitamus,</strong></span> <span class='ocrx_word' id='word_1_161' title='bbox 1408 2495 1458 2531; x_wconf 93' lang='lat' dir='ltr'><strong>ut</strong></span> <span class='ocrx_word' id='word_1_162' title='bbox 1476 2486 1797 2531; x_wconf 90' lang='lat' dir='ltr'><strong>Rothsteinius</strong></span> <span class='ocrx_word' id='word_1_163' title='bbox 1814 2486 1927 2538; x_wconf 89' lang='lat' dir='ltr'><strong>vult,</strong></span> <span class='ocrx_word' id='word_1_164' title='bbox 1946 2494 2068 2531; x_wconf 92' lang='lat' dir='ltr'><strong>totus</strong></span> <span class='ocrx_word' id='word_1_165' title='bbox 2084 2500 2186 2530; x_wconf 88' lang='lat' dir='ltr'><strong>ver-</strong></span> 
     </span>
     <span class='ocr_line' id='line_1_25' title="bbox 467 2580 2185 2635; baseline -0.002 -8"><span class='ocrx_word' id='word_1_166' title='bbox 467 2597 560 2634; x_wconf 87' lang='lat' dir='ltr'><strong>sus,</strong></span> <span class='ocrx_word' id='word_1_167' title='bbox 592 2581 771 2627; x_wconf 87' lang='lat' dir='ltr'><strong>etiamsi</strong></span> <span class='ocrx_word' id='word_1_168' title='bbox 797 2581 980 2635; x_wconf 88' lang='lat' dir='ltr'><strong>signum</strong></span> <span class='ocrx_word' id='word_1_169' title='bbox 997 2580 1370 2634; x_wconf 76' lang='lat' dir='ltr'><strong>interrogationis</strong></span> <span class='ocrx_word' id='word_1_170' title='bbox 1385 2580 1616 2633; x_wconf 92' lang='lat' dir='ltr'><strong>addimus,</strong></span> <span class='ocrx_word' id='word_1_171' title='bbox 1634 2581 1711 2626; x_wconf 91' lang='lat' dir='ltr'><strong>hic</strong></span> <span class='ocrx_word' id='word_1_172' title='bbox 1727 2580 2086 2626; x_wconf 91' lang='lat' dir='ltr'><strong>obscurissimus</strong></span> <span class='ocrx_word' id='word_1_173' title='bbox 2102 2589 2185 2625; x_wconf 87' lang='lat' dir='ltr'><strong>est.</strong></span> 
     </span>
     <span class='ocr_line' id='line_1_26' title="bbox 469 2673 2185 2734; baseline -0.001 -13"><span class='ocrx_word' id='word_1_174' title='bbox 469 2676 599 2727; x_wconf 90' lang='lat' dir='ltr'><strong>Quid</strong></span> <span class='ocrx_word' id='word_1_175' title='bbox 631 2675 804 2730; x_wconf 75' lang='lat' dir='ltr'><strong>igitur?</strong></span> <span class='ocrx_word' id='word_1_176' title='bbox 835 2675 1123 2721; x_wconf 91' lang='lat' dir='ltr'><strong>Coniunctio</strong></span> <span class='ocrx_word' id='word_1_177' title='bbox 1154 2691 1259 2721; x_wconf 91' lang='lat' dir='ltr'><strong>seu</strong></span> <span class='ocrx_word' id='word_1_178' title='bbox 1290 2673 1459 2734; x_wconf 87' lang='lat' dir='ltr'><strong>(versu</strong></span> <span class='ocrx_word' id='word_1_179' title='bbox 1478 2673 1563 2733; x_wconf 88' lang='lat'><strong>29)</strong></span> <span class='ocrx_word' id='word_1_180' title='bbox 1591 2684 1829 2728; x_wconf 88' lang='lat' dir='ltr'><strong>monstrat,</strong></span> <span class='ocrx_word' id='word_1_181' title='bbox 1861 2684 1909 2721; x_wconf 93' lang='lat' dir='ltr'><strong>ut</strong></span> <span class='ocrx_word' id='word_1_182' title='bbox 1940 2675 2185 2720; x_wconf 90' lang='lat' dir='ltr'><strong>Rohtstein</strong></span> 
     </span>
     <span class='ocr_line' id='line_1_27' title="bbox 466 2769 2186 2825; baseline -0.001 -9"><span class='ocrx_word' id='word_1_183' title='bbox 466 2771 597 2823; x_wconf 90' lang='lat' dir='ltr'><strong>vidit,</strong></span> <span class='ocrx_word' id='word_1_184' title='bbox 629 2772 826 2816; x_wconf 86' lang='lat' dir='ltr'><strong>alterum</strong></span> <span class='ocrx_word' id='word_1_185' title='bbox 859 2771 1107 2823; x_wconf 89' lang='lat' dir='ltr'><strong>distichon,</strong></span> <span class='ocrx_word' id='word_1_186' title='bbox 1138 2772 1267 2825; x_wconf 89' lang='lat' dir='ltr'><strong>quod</strong></span> <span class='ocrx_word' id='word_1_187' title='bbox 1299 2770 1630 2815; x_wconf 92' lang='lat' dir='ltr'><strong>coniunctione</strong></span> <span class='ocrx_word' id='word_1_188' title='bbox 1662 2785 1769 2815; x_wconf 94' lang='lat' dir='ltr'><strong>seu</strong></span> <span class='ocrx_word' id='word_1_189' title='bbox 1786 2770 2050 2823; x_wconf 87' lang='lat' dir='ltr'><strong>incipiebat,</strong></span> <span class='ocrx_word' id='word_1_190' title='bbox 2068 2769 2186 2814; x_wconf 89' lang='lat' dir='ltr'><strong>desi-</strong></span> 
     </span>
     <span class='ocr_line' id='line_1_28' title="bbox 466 2866 2186 2920; baseline -0.002 -8"><span class='ocrx_word' id='word_1_191' title='bbox 466 2867 635 2913; x_wconf 91' lang='lat' dir='ltr'><strong>derari.</strong></span> <span class='ocrx_word' id='word_1_192' title='bbox 668 2867 806 2912; x_wconf 91' lang='lat' dir='ltr'><strong>Haec</strong></span> <span class='ocrx_word' id='word_1_193' title='bbox 838 2882 915 2912; x_wconf 88' lang='lat' dir='ltr'><strong>me</strong></span> <span class='ocrx_word' id='word_1_194' title='bbox 947 2875 1154 2919; x_wconf 89' lang='lat' dir='ltr'><strong>movent,</strong></span> <span class='ocrx_word' id='word_1_195' title='bbox 1186 2876 1236 2912; x_wconf 92' lang='lat' dir='ltr'><strong>ut</strong></span> <span class='ocrx_word' id='word_1_196' title='bbox 1267 2866 1465 2920; x_wconf 89' lang='lat' dir='ltr'><strong>cogitem</strong></span> <span class='ocrx_word' id='word_1_197' title='bbox 1493 2874 1838 2919; x_wconf 90' lang='lat' dir='ltr'><strong>pentametrum</strong></span> <span class='ocrx_word' id='word_1_198' title='bbox 1866 2879 2070 2920; x_wconf 88' lang='lat' dir='ltr'><strong>quoque,</strong></span> <span class='ocrx_word' id='word_1_199' title='bbox 2099 2879 2186 2917; x_wconf 88' lang='lat' dir='ltr'><strong>pro</strong></span> 
     </span>
     <span class='ocr_line' id='line_1_29' title="bbox 465 2976 743 3016; baseline -0.004 -9"><span class='ocrx_word' id='word_1_200' title='bbox 465 2977 561 3016; x_wconf 87' lang='lat' dir='ltr'><strong>quo</strong></span> <span class='ocrx_word' id='word_1_201' title='bbox 592 2976 743 3007; x_wconf 91' lang='lat' dir='ltr'><strong>nunc:</strong></span> 
     </span>
    </p>

    <p class='ocr_par' dir='ltr' id='par_1_15' title="bbox 619 3057 1847 3111">
     <span class='ocr_line' id='line_1_30' title="bbox 619 3057 1847 3111; baseline -0.002 -9"><span class='ocrx_word' id='word_1_202' title='bbox 619 3058 700 3111; x_wconf 87' lang='lat' dir='ltr'><strong>qui</strong></span> <span class='ocrx_word' id='word_1_203' title='bbox 739 3059 852 3102; x_wconf 88' lang='lat' dir='ltr'><strong>dare</strong></span> <span class='ocrx_word' id='word_1_204' title='bbox 883 3058 1029 3102; x_wconf 87' lang='lat' dir='ltr'><strong>multa</strong></span> <span class='ocrx_word' id='word_1_205' title='bbox 1059 3065 1224 3110; x_wconf 91' lang='lat' dir='ltr'><strong>potest,</strong></span> <span class='ocrx_word' id='word_1_206' title='bbox 1256 3057 1402 3101; x_wconf 91' lang='lat' dir='ltr'><strong>multa</strong></span> <span class='ocrx_word' id='word_1_207' title='bbox 1431 3065 1478 3101; x_wconf 94' lang='lat' dir='ltr'><strong>et</strong></span> <span class='ocrx_word' id='word_1_208' title='bbox 1507 3070 1665 3101; x_wconf 88' lang='lat' dir='ltr'><strong>amare</strong></span> <span class='ocrx_word' id='word_1_209' title='bbox 1696 3064 1847 3108; x_wconf 89' lang='lat' dir='ltr'><strong>potest</strong></span> 
     </span>
    </p>
   </div>
   <div class='ocr_carea' id='block_1_12' title="bbox 467 3151 2185 3205">
    <p class='ocr_par' dir='ltr' id='par_1_16' title="bbox 467 3151 2185 3205">
     <span class='ocr_line' id='line_1_31' title="bbox 467 3151 2185 3205; baseline -0.001 -8"><span class='ocrx_word' id='word_1_210' title='bbox 467 3152 696 3198; x_wconf 88' lang='lat' dir='ltr'><strong>habemus</strong></span> <span class='ocrx_word' id='word_1_211' title='bbox 727 3152 775 3197; x_wconf 89' lang='lat' dir='ltr'><strong>in</strong></span> <span class='ocrx_word' id='word_1_212' title='bbox 807 3152 1063 3205; x_wconf 89' lang='lat' dir='ltr'><strong>archetypo</strong></span> <span class='ocrx_word' id='word_1_213' title='bbox 1091 3151 1179 3205; x_wconf 91' lang='lat' dir='ltr'><strong>legi</strong></span> <span class='ocrx_word' id='word_1_214' title='bbox 1207 3166 1303 3197; x_wconf 91' lang='lat' dir='ltr'><strong>non</strong></span> <span class='ocrx_word' id='word_1_215' title='bbox 1329 3151 1561 3205; x_wconf 91' lang='lat' dir='ltr'><strong>potuisse;</strong></span> <span class='ocrx_word' id='word_1_216' title='bbox 1584 3166 1700 3204; x_wconf 87' lang='lat' dir='ltr'><strong>quas</strong></span> <span class='ocrx_word' id='word_1_217' title='bbox 1716 3151 1778 3195; x_wconf 94' lang='lat' dir='ltr'><strong>ob</strong></span> <span class='ocrx_word' id='word_1_218' title='bbox 1795 3164 1956 3196; x_wconf 90' lang='lat' dir='ltr'><strong>causas</strong></span> <span class='ocrx_word' id='word_1_219' title='bbox 1974 3158 2185 3196; x_wconf 89' lang='lat' dir='ltr'><strong>nostrum</strong></span> 
     </span>
    </p>
   </div>
   <div class='ocr_carea' id='block_1_13' title="bbox 336 3285 621 3291">
    <p class='ocr_par' dir='ltr' id='par_1_17' title="bbox 336 3285 621 3291">
     <span class='ocr_line' id='line_1_32' title="bbox 336 3285 621 3291; baseline 0 0"><span class='ocrx_word' id='word_1_220' title='bbox 336 3285 621 3291; x_wconf 95' lang='lat' dir='ltr'><strong> </strong></span> 
     </span>
    </p>
   </div>
   <div class='ocr_carea' id='block_1_14' title="bbox 384 3378 2186 3424">
    <p class='ocr_par' dir='ltr' id='par_1_18' title="bbox 384 3378 2186 3424">
     <span class='ocr_line' id='line_1_33' title="bbox 384 3378 2186 3424; baseline -0.001 -9"><span class='ocrx_word' id='word_1_221' title='bbox 384 3378 415 3424; x_wconf 83' lang='lat'><strong>¹)</strong></span> <span class='ocrx_word' id='word_1_222' title='bbox 465 3381 638 3422; x_wconf 74' lang='lat' dir='ltr'><strong>Accedit,</strong></span> <span class='ocrx_word' id='word_1_223' title='bbox 662 3389 703 3416; x_wconf 90' lang='lat' dir='ltr'><strong>ut</strong></span> <span class='ocrx_word' id='word_1_224' title='bbox 727 3392 858 3417; x_wconf 71' lang='lat' dir='ltr'><strong>venun</strong></span> <span class='ocrx_word' id='word_1_225' title='bbox 883 3381 1154 3423; x_wconf 67' lang='lat' dir='ltr'><strong>ingratis-imu-</strong></span> <span class='ocrx_word' id='word_1_226' title='bbox 1179 3382 1228 3416; x_wconf 70' lang='lat' dir='ltr'><strong>ait</strong></span> <span class='ocrx_word' id='word_1_227' title='bbox 1253 3381 1414 3422; x_wconf 67' lang='lat' dir='ltr'><strong>auribus,</strong></span> <span class='ocrx_word' id='word_1_228' title='bbox 1439 3382 1536 3422; x_wconf 82' lang='lat' dir='ltr'><strong>quod</strong></span> <span class='ocrx_word' id='word_1_229' title='bbox 1550 3380 1662 3414; x_wconf 72' lang='lat' dir='ltr'><strong>eti-m</strong></span> <span class='ocrx_word' id='word_1_230' title='bbox 1676 3382 1722 3415; x_wconf 88' lang='lat' dir='ltr'><strong>de</strong></span> <span class='ocrx_word' id='word_1_231' title='bbox 1735 3379 1947 3414; x_wconf 78' lang='lat' dir='ltr'><strong>coniectura</strong></span> <span class='ocrx_word' id='word_1_232' title='bbox 1963 3379 2186 3420; x_wconf 82' lang='lat' dir='ltr'><strong>Hieronymi</strong></span> 
     </span>
    </p>
   </div>
   <div class='ocr_carea' id='block_1_15' title="bbox 333 3453 707 3493">
    <p class='ocr_par' dir='ltr' id='par_1_19' title="bbox 333 3453 707 3493">
     <span class='ocr_line' id='line_1_34' title="bbox 333 3453 707 3493; baseline 0 -6"><span class='ocrx_word' id='word_1_233' title='bbox 333 3454 380 3487; x_wconf 84' lang='lat' dir='ltr'><strong>de</strong></span> <span class='ocrx_word' id='word_1_234' title='bbox 406 3453 447 3487; x_wconf 87' lang='lat' dir='ltr'><strong>B.</strong></span> <span class='ocrx_word' id='word_1_235' title='bbox 473 3453 547 3487; x_wconf 88' lang='lat' dir='ltr'><strong>dici</strong></span> <span class='ocrx_word' id='word_1_236' title='bbox 573 3460 707 3493; x_wconf 75' lang='lat' dir='ltr'><strong>potent.</strong></span> 
     </span>
    </p>
   </div>
  </div>
 </body>
</html>
