2566 3886
1113 264 1374 311 -269—

323 397 391 443 17.
454 412 561 443 nam
593 397 706 450 quid
739 396 945 442 Medeae
975 396 1192 448 referam,
1224 410 1319 449 quo
1349 403 1562 449 tempore
1594 394 1753 440 matris

571 493 688 537 iram
719 501 935 538 natorum
967 492 1112 537 caede
1143 491 1288 544 piavit
1318 489 1487 536 amor?

454 587 580 633 Cum
629 588 916 633 Baehrens'io
961 596 1008 632 et
1055 587 1320 632 Hartmano
1365 587 1510 632 credo
1556 601 1681 640 „quo
1729 594 1943 639 tempore
1975 585 2163 631 matris”

451 692 724 735 corruptum
756 697 884 735 esse3
918 681 1239 728 Rothsteinius
1270 681 1458 734 „matris
1481 682 1641 726 amor''
1659 681 1911 735 coniungit,
1928 681 2163 734 vertitque

454 777 561 830 „die
598 777 905 823 Mutterliebe
935 778 1014 822 hat
1045 777 1144 822 sich
1176 791 1228 821 so
1259 776 1370 822 weit
1400 777 1688 830 verleugnen
1720 777 1927 829 konnen,
1960 777 2066 822 dass
2097 776 2164 821 sie

454 874 502 918 in
534 874 643 918 dem
677 873 852 918 Morde
884 873 970 918 der
1000 873 1195 926 eigenen
1228 872 1410 917 Kinder
1440 872 1546 917 eine
1578 871 1739 917 Siihne
1761 872 1838 916 fiir
1854 872 1931 917 die
1948 872 2162 917 erlittene

454 969 711 1022 Krfinkung
754 968 911 1013 fand”.
958 967 1034 1013 De
1079 982 1240 1012 amore
1287 976 1395 1021 erga
1441 967 1659 1012 maritum
1691 967 1752 1011 de
1783 981 1878 1020 quo
1910 974 2048 1019 poeta
2087 967 2164 1011 hic

454 1064 557 1118 agit,
573 1064 688 1109 nihil
706 1063 914 1117 legimus.
930 1063 1106 1108 Melius
1123 1062 1319 1115 Spurius
1335 1061 1478 1107 Bases
1491 1076 1538 1106 m
1552 1077 1580 1107 a
1595 1070 1613 1106 t
1628 1061 1722 1106 ris
1752 1076 1779 1106 a
1795 1076 1842 1106 m
1859 1075 1889 1106 o
1905 1076 1930 1105 r
1956 1060 2165 1114 intenigit

450 1174 582 1205 amor
628 1159 833 1204 Medeae
879 1159 927 1204 in
975 1158 1216 1210 Iasonem;
1263 1157 1346 1203 sed
1379 1172 1535 1210 neque
1566 1158 1683 1202 haec
1714 1156 1976 1209 explicatio,
2007 1170 2164 1209 neque

451 1254 723 1300 Baehrensii
754 1254 1024 1300 coniectura
1055 1253 1363 1299 incertissima

569 1364 678 1394 nam
710 1348 825 1402 quid
857 1348 1064 1394 Medeae
1094 1349 1295 1394 referam
1327 1347 1593 1402 concepta?
1624 1348 1776 1393 mariti

627 1446 743 1490 iram
775 1452 863 1489 etc.

448 1555 604 1593 neque
635 1540 763 1593 quod
796 1539 984 1585 Palmer
1014 1539 1257 1592 proposuit
1289 1548 1335 1584 et
1367 1539 1625 1593 Postgatius
1655 1538 1930 1591 assumpsit:

572 1650 682 1680 nam
713 1635 828 1688 quid
861 1634 1067 1680 Medeae
1099 1635 1298 1680 referam
1330 1650 1426 1688 quo
1458 1643 1649 1688 pectore
1680 1634 1840 1680 matris

675 1730 791 1775 iram
823 1738 912 1776 etc.

452 1826 623 1880 placet:
655 1834 741 1879 ego
772 1840 1013 1878 propono:

569 1937 678 1967 nam
710 1921 824 1976 quid
858 1922 1083 1966 Medeam
1116 1920 1317 1966 referam
1349 1935 1445 1973 quo
1476 1929 1688 1973 tempore
1720 1921 1779 1965 la
1794 1935 1821 1965 e
1839 1935 1860 1966 s
1878 1935 1908 1965 u
1925 1935 1946 1965 s

689 2016 807 2061 iram
839 2025 1054 2061 natorum
1087 2016 1232 2061 caede
1263 2015 1408 2069 piavit
1439 2030 1585 2060 amor.

322 2146 391 2192 19.
454 2147 548 2193 Pro
579 2146 1078 2200 Clytaemestrae
1107 2162 1216 2193 cum
1241 2145 1433 2199 Guyeto
1462 2145 1945 2199 Clytaemestram
1975 2160 2168 2198 repono.

319 2277 391 2322 21.
452 2286 598 2332 tuque
629 2293 658 2323 o
690 2277 858 2323 Minoa
888 2277 1188 2328 venumdata,
1221 2275 1387 2329 Scylla,
1418 2276 1567 2330 figura

456 2372 809 2418 Heimreichius
839 2388 870 2426 p
887 2387 914 2417 e
931 2387 952 2418 s
969 2387 990 2417 s
1007 2387 1038 2417 u
1057 2387 1104 2416 m
1121 2372 1152 2416 d
1170 2386 1197 2416 a
1212 2380 1228 2416 t
1244 2386 1272 2416 a
1303 2371 1517 2424 coniecit,
1550 2372 1680 2425 quod
1700 2372 1851 2424 placet
1868 2371 2170 2417 Baehrensio.

454 2467 633 2513 Nonne
664 2476 865 2521 praestat
895 2482 1087 2512 versum
1119 2467 1186 2511 sic
1217 2467 1397 2520 legere:

571 2571 717 2616 tuque
733 2577 763 2608 o
788 2562 845 2607 M
863 2562 878 2607 i
895 2578 926 2607 n
943 2577 972 2607 o
985 2577 1013 2607 a
1030 2577 1057 2607 e
1085 2562 1370 2614 venundate,
1386 2560 1553 2614 Scylla,
1575 2561 1592 2605 f
1607 2561 1622 2605 i
1637 2570 1665 2615 g
1681 2577 1712 2606 u
1732 2576 1756 2605 r
1772 2576 1799 2606 a
1815 2576 1856 2614 e,
1879 2561 1950 2606 i.e.
1967 2563 2096 2614 quod
2115 2577 2166 2607 se

454 2657 555 2710 ipsa
604 2656 760 2701 Minoi
806 2656 1128 2709 venumdedit,
1159 2671 1281 2710 quae
1312 2656 1413 2701 eius
1443 2656 1628 2710 captiva
1658 2657 1736 2702 vel
1767 2671 1904 2701 serva
1933 2657 2054 2701 facta
2085 2666 2167 2701 est.

323 2787 394 2832 21.
427 2787 497 2832 22.
530 2796 688 2840 tuque,
721 2801 751 2832 o
783 2786 951 2831 Minoa
981 2787 1280 2839 venumdata,
1312 2785 1480 2839 Scylla,
1511 2786 1670 2840 figura,

573 2882 775 2927 tondens
805 2895 1043 2934 purpurea
1073 2889 1216 2934 regna
1246 2889 1439 2934 paterna
1472 2895 1622 2926 coma.

459 2976 791 3028 Durissimum,
808 2991 917 3021 cum
948 2991 980 3029 q
996 2991 1027 3020 u
1044 2975 1059 3019 i
1077 2976 1108 3020 d
1140 2990 1166 3019 r
1180 2990 1208 3020 e
1223 2975 1249 3020 f
1259 2990 1286 3020 e
1302 2990 1326 3020 r
1342 2990 1370 3020 a
1386 2990 1433 3019 m
1465 2975 1728 3028 praecedat,
1745 2990 1854 3020 cum
1873 2975 2168 3021 Rothsteinio

456 3080 474 3116 t
490 3087 517 3116 e
534 3071 659 3116 stis
705 3086 732 3116 e
749 3080 804 3116 st
846 3071 1088 3123 supplere;
1127 3078 1179 3115 ut
1208 3071 1299 3115 hoc
1332 3069 1686 3116 incommodum
1718 3071 1918 3122 tollatur,
1949 3079 2028 3115 aut
2060 3085 2168 3116 cum

460 3165 611 3211 Keilio
656 3174 718 3210 to
734 3181 765 3210 n
783 3166 814 3210 d
830 3180 857 3210 e
873 3180 895 3210 s
938 3164 1144 3210 scribere
1174 3173 1321 3217 potes,
1351 3173 1430 3209 aut
1460 3179 1625 3209 versus
1656 3164 1724 3210 15.
1759 3164 1814 3210 16
1842 3174 1946 3218 post
1974 3164 2031 3210 20
2060 3180 2168 3210 cum

458 3260 691 3314 Postgatio
745 3258 820 3318 (in
866 3260 975 3304 edit.
1009 3257 1150 3317 1894)
1192 3259 1527 3312 transponendi
1567 3268 1687 3304 sunt.
1726 3258 2037 3305 Similitudine
2067 3274 2170 3304 ver-

460 3371 597 3401 suum
632 3354 700 3400 15.
734 3354 790 3399 16
821 3364 866 3400 et
896 3354 967 3399 21.
999 3354 1056 3399 22
1087 3354 1316 3399 adductus
1344 3353 1561 3407 Postgatii
1588 3353 1859 3407 opinionem
1883 3368 2044 3399 veram
2067 3367 2170 3398 esse

460 3451 617 3495 credo.
650 3450 761 3495 Hoc
792 3464 982 3503 quoque
1013 3450 1117 3494 loco
1148 3449 1243 3494 duo
1275 3448 1471 3493 disticha
1501 3449 1614 3494 sede
1644 3449 1777 3502 pulsa
1807 3458 1927 3494 sunt.
