2566 3886
310 2397 384 2443 27.

1114 262 1350 307 -60-

442 393 712 439 defendere.
738 392 1005 438 Audiamus
1033 407 1181 438 unum
1213 407 1273 437 ex
1303 392 1373 444 iis,
1406 392 1662 445 Barthium,
1694 394 1775 447 qui
1806 396 1923 439 haec
1953 403 2155 447 annotat;

440 488 678 541 „pudetne
709 496 754 532 te
784 487 898 532 mihi
932 502 1120 533 causam
1153 488 1294 532 tuisse
1325 487 1555 532 dolendi?
1586 497 1632 533 et
1663 489 1839 534 idcirco
1870 489 2156 535 conscientia

437 582 646 628 criminis
691 583 851 627 territa
896 583 1076 628 vereris
1122 583 1181 627 ad
1214 597 1291 627 me
1333 582 1595 628 accedere?
1637 592 1684 628 at
1720 592 1806 637 ego
1843 584 1924 629 vix
1962 585 2156 630 memini

435 695 551 733 quas
582 679 846 731 acceperim
879 679 1114 724 iniurias.”
1143 678 1236 725 Sed
1253 694 1395 725 versu
1413 679 1440 724 5
1457 679 1517 724 de
1534 678 1771 732 Cynthiae
1787 680 1907 726 fastu
1924 680 2156 734 queritur:

438 775 689 828 superbam
706 783 863 821 autem
880 789 976 820 non
993 775 1139 828 pudet
1170 775 1382 827 iniuriae,
1414 776 1547 821 cuius
1578 790 1719 821 causa
1748 784 1832 821 est.

439 870 787 917 Contrahamus
833 879 1004 923 autem,
1051 879 1102 916 ut
1139 886 1280 924 quam
1313 870 1588 916 firmissimis
1619 871 1902 925 argumentis
1939 872 2157 925 nitamur,

437 976 586 1012 totum
633 968 788 1012 locum
835 967 883 1012 in
928 967 1140 1012 brevius:
1173 966 1306 1019 „Cur
1337 982 1414 1011 me
1445 981 1541 1011 non
1573 966 1757 1019 recipis,
1790 965 2011 1022 Cynthia⁷
2043 967 2158 1021 quid

438 1063 629 1108 tandem
662 1062 849 1108 merui?
880 1061 954 1121 (et
986 1078 1112 1108 nunc
1144 1062 1342 1107 crimina
1358 1060 1650 1120 enumeratz)
1671 1062 1816 1107 Estne
1832 1062 1987 1116 aliqua
2002 1063 2158 1115 puella

439 1173 579 1203 causa
610 1167 716 1203 tuae
747 1157 879 1203 irae?
910 1158 979 1203 At
1009 1159 1139 1204 nullo
1170 1167 1377 1203 nostram
1394 1158 1583 1203 intravit
1599 1158 1808 1202 domum.
1826 1157 1907 1202 An
1925 1158 1985 1203 de
2001 1166 2160 1203 nostra

437 1253 530 1299 fide
553 1254 907 1308 constantiaque
924 1253 1144 1299 dubitas?
1159 1253 1227 1298 At
1243 1268 1431 1306 semper
1446 1262 1580 1298 tuum
1598 1268 1772 1298 nomen
1790 1261 1947 1305 cant03
1965 1253 2158 1298 arbores

442 1348 556 1394 mihi
567 1357 708 1394 testes
725 1349 877 1394 sunt’'.
896 1349 956 1394 Et
972 1363 1098 1394 nunc
1115 1348 1324 1393 animum
1355 1350 1586 1394 attendas:
1619 1364 1707 1401 „an
1738 1349 1849 1402 quia
1879 1349 2048 1394 iniuria
2081 1357 2160 1394 tua

438 1444 574 1489 nobis
605 1459 741 1489 curas
772 1443 1016 1498 peperit?”
1049 1442 1096 1488 Si
1130 1443 1321 1489 Barthio
1356 1444 1608 1496 credimus,
1639 1452 1777 1498 poeta
1808 1445 1899 1490 hoc
1920 1445 2050 1490 vult:
2067 1460 2157 1497 „an

439 1547 484 1584 te
515 1540 662 1592 pudet
692 1540 751 1584 ad
787 1555 863 1584 me
895 1539 1106 1592 venire’',
1138 1540 1221 1585 sed
1255 1548 1386 1585 estne
1417 1541 1508 1585 hoc
1540 1539 1707 1585 vitium
1739 1539 1945 1592 poetae?

438 1634 717 1679 Rothsteinii
735 1635 1093 1688 explicationem
1126 1635 1163 1680 si
1196 1635 1452 1688 sequimur,
1491 1635 1627 1680 nobis
1658 1635 1724 1680 sic
1757 1636 2019 1688 supplenda
2049 1644 2158 1681 sunt

437 1737 603 1781 poetae
631 1729 797 1774 verba:
830 1745 919 1782 „an
950 1739 1085 1783 putas
1116 1746 1193 1776 me
1224 1731 1401 1775 idcirco
1433 1731 1589 1776 minus
1620 1731 1807 1776 fidelem
1839 1730 1995 1783 tuisse,
2027 1732 2156 1785 quod

438 1825 580 1870 iratus
596 1840 749 1870 essem
766 1825 829 1870 ob
846 1825 1065 1871 iniuriam
1081 1827 1163 1872 abs
1180 1834 1225 1871 te
1241 1827 1527 1879 acceptam’'.
1538 1826 1800 1880 Explicatio
1816 1834 2050 1879 contorta3
2073 1827 2156 1871 sed

437 1921 542 1975 quis
574 1937 670 1967 non
701 1921 833 1966 videt
866 1921 934 1966 sic
965 1937 1051 1967 nos
1082 1930 1326 1975 praeterea
1356 1922 1533 1967 circulo
1564 1921 1733 1966 vitioso
1765 1921 2022 1975 disputare;
2047 1937 2156 1967 nam

437 2017 552 2070 quid
599 2026 830 2062 terrarum
877 2019 969 2063 hoc
1000 2026 1088 2063 est:
1121 2017 1331 2070 Cynthia
1361 2033 1457 2062 non
1489 2017 1634 2069 venit,
1669 2017 1779 2071 quia
1810 2026 1941 2070 putat
1971 2026 2158 2070 poetam

440 2113 677 2158 infidelem
710 2128 826 2166 esse,
859 2114 987 2167 quod
1019 2114 1119 2167 ipsa
1150 2128 1246 2158 non
1278 2112 1475 2158 veniat?

444 2207 571 2254 Cum
604 2208 730 2254 Italis
762 2208 933 2253 scribe:
964 2223 992 2253 a
1022 2215 1101 2253 tua
1131 2216 1281 2262 quot
1315 2222 1413 2260 eqs.

446 2413 533 2451 pro
563 2414 660 2452 quo
691 2399 839 2443 divini
870 2398 1048 2444 frontes
1080 2407 1126 2443 et
1157 2398 1321 2452 frigida
1350 2413 1492 2451 rupes

593 2503 639 2539 et
670 2495 807 2540 datur
839 2495 1015 2541 inculto
1047 2494 1230 2539 tramite
1262 2495 1382 2539 dura
1412 2494 1560 2546 quies.

445 2590 537 2635 His
568 2590 784 2635 versibus
815 2599 953 2643 poeta
982 2590 1195 2643 queritur
1226 2605 1435 2635 amorem
1468 2604 1518 2634 se
1550 2598 1731 2643 cogere,
1763 2598 1814 2634 ut
1844 2605 1946 2635 sese
1977 2605 2005 2635 a
2020 2598 2157 2635 coetu

442 2686 688 2731 hominum
735 2685 925 2738 vitaque
957 2685 1137 2730 urbana
1167 2685 1360 2737 recipiat
1390 2684 1438 2729 in
1471 2685 1797 2738 solitudinem;
1829 2685 1969 2730 tristis
2000 2685 2159 2730 omnia

442 2781 551 2826 atris
583 2781 819 2827 coloribus
851 2781 1081 2835 depingit:
1113 2781 1305 2834 trigidae
1336 2788 1444 2825 sunt
1474 2794 1631 2832 rupes,
1663 2781 1782 2825 dura
1810 2788 1880 2825 est
1908 2780 2008 2826 eius
2024 2781 2158 2834 quies

444 2877 618 2922 inculta
663 2876 712 2922 in
758 2877 898 2929 silva;
930 2876 969 2921 si
1000 2877 1117 2921 haec
1148 2875 1394 2920 nobiscum
1426 2883 1711 2927 reputamus,
1743 2875 1896 2920 facere
1927 2890 2023 2920 non
2055 2890 2158 2929 pos-

443 2971 1010 3024 sumus,quinmiremur‚
1035 2967 1396 3028 divinos(!)
1427 2985 1691 3022 quoque
1722 2970 2154 3024 fontespoetam

445 3082 709 3112 memorare
740 3067 799 3111 ad
831 3066 1050 3111 miseram
1083 3081 1214 3111 suam
1246 3066 1390 3110 vitam
1422 3065 1780 3118 depingendam.

446 3162 664 3206 Ridicule
695 3162 811 3206 haec
843 3161 904 3206 ita
934 3162 1136 3214 explicat
1167 3160 1489 3206 Rothsteinius
1520 3168 1571 3205 ut
1602 3160 1726 3205 dicat
1745 3169 1930 3214 poetam
1951 3175 2047 3205 non
2065 3160 2157 3205 iam

445 3256 624 3308 vinum,
672 3257 755 3301 sed
799 3271 968 3308 aquam
1001 3256 1184 3309 bibere;
1216 3265 1430 3310 potestne
1460 3255 1713 3308 quicquam
1745 3256 1992 3301 absurdius
2023 3270 2158 3301 exco-

445 3350 615 3404 gitari?
662 3351 742 3396 Ne
789 3351 937 3404 longis
969 3360 1072 3396 utar
1103 3351 1400 3404 ambagibus:
1432 3350 1663 3396 vocabula
1704 3351 1907 3396 divini
1938 3351 2156 3402 fontes,

448 3446 555 3490 licet
584 3446 878 3499 reperiantur
909 3447 955 3491 in
989 3445 1072 3493 CI
1092 3447 1147 3500 L,
1179 3454 1339 3492 nostro
1371 3446 1475 3492 loco
1507 3446 1617 3492 ferri
1649 3461 1745 3492 non
1780 3453 1988 3499 possunt.
2009 3444 2155 3491 Varia
