2566 3886
1129 247 1306 293 —332
1339 272 1395 279 —

472 390 613 427 quam
660 375 1000 420 correctionem
1043 377 1389 422 defendendam
1433 378 1740 423 Housmanus
1782 376 1926 437 (JPh.
1965 378 2102 432 XXI,
2143 395 2188 433 p.

479 467 590 527 168)
628 469 736 514 citat
779 468 916 526 [Tib.]
959 470 1044 523 IV,
1076 471 1118 524 3,
1151 471 1192 524 3,
1225 472 1306 517 ubi
1338 473 1541 525 optimus
1573 474 1725 519 codex
1756 475 2012 527 praelia,
2044 475 2188 520 ceteri

471 572 729 617 pectore
761 566 999 611 exhibent.
1039 566 1166 612 Cum
1200 575 1459 620 pectora
1490 568 1605 613 nihil
1637 569 1726 613 nisi
1757 584 1889 614 mera
1918 569 2189 614 coniectura

472 658 702 711 videatur,
734 669 819 713 ego
851 676 958 706 cum
993 661 1259 707 Hartmano
1290 663 1536 715 proelia
1567 678 1735 708 verum
1767 663 1934 708 habeo.

338 788 409 833 23.
441 789 512 834 24.
574 799 620 835 at
650 791 764 835 mihi
797 806 892 836 non
924 792 1086 837 oculos
1119 793 1367 846 quisquam
1399 793 1668 838 inclamavit
1698 793 1876 839 euntis:

340 1968 412 2014 26.

623 901 771 930 unum
803 886 1125 940 impetrassem
1158 896 1203 933 te
1233 896 1487 933 revocante
1518 888 1658 933 diem.

474 980 746 1026 Kraffertius
807 979 1047 1039 (Beitrage
1095 997 1140 1035 p.
1190 979 1302 1039 148)
1362 983 1586 1028 Italorum
1643 982 1961 1028 coniecturam
2018 983 2193 1029 incli-

473 1077 645 1121 navit
689 1092 776 1130 pro
818 1077 878 1122 in
896 1078 1190 1123 clamavit
1221 1079 1547 1123 commendat:
1579 1078 1663 1123 sed
1694 1077 1876 1131 iniuria,
1907 1093 2016 1123 nam
2036 1087 2193 1132 penta-

473 1181 623 1217 meter
654 1174 791 1218 docet
822 1174 1146 1218 hexametrum
1179 1189 1274 1218 non
1306 1174 1515 1218 locutum
1547 1187 1650 1218 esse
1671 1173 1731 1217 de
1754 1173 1901 1218 oculis
1917 1173 2191 1218 condendis.

474 1267 673 1312 Iacobus
704 1277 860 1312 autem
892 1268 1137 1313 observat:
1175 1283 1341 1322 „posse
1372 1283 1547 1320 amore,
1579 1268 1827 1320 desiderio,
1859 1276 1971 1313 voto
2001 1268 2193 1314 retineri

473 1362 728 1416 fugientem
760 1363 963 1408 animam
996 1372 1217 1416 putarunt
1249 1364 1425 1408 multi'’.
1458 1362 1640 1408 Confer
1671 1363 1733 1415 ΙΙ,
1765 1362 1837 1408 27.
1873 1363 1956 1408 15:

626 1457 673 1503 Si
706 1459 849 1503 modo
880 1459 1120 1503 clamantis
1151 1459 1447 1504 revocaverit
1477 1474 1591 1503 aura
1623 1459 1820 1512 puellae,

711 1568 988 1598 concessum
1021 1554 1149 1598 nulla
1178 1555 1279 1607 lege
1310 1554 1481 1599 redibit
1511 1553 1612 1599 iter.

474 1656 520 1692 et
550 1649 898 1693 annotationem
931 1648 1106 1701 Paleyi.

476 1742 701 1787 Euntis
744 1743 870 1788 idem
912 1744 1037 1788 valet
1076 1752 1216 1797 atque
1259 1744 1587 1789 labentes:
1631 1758 1726 1788 non
1768 1742 1904 1797 igitur
1934 1758 2053 1796 opus
2083 1758 2192 1788 cum

475 1837 758 1883 Housmano
788 1835 933 1895 (JPh.
964 1838 1102 1890 XVI,
1134 1854 1178 1891 p.
1213 1838 1295 1896 14)
1327 1838 1502 1884 eunti
1533 1853 1778 1891 reponere.

475 1968 522 2014 Si
553 1969 680 2013 hunc
711 1984 903 2014 versum
935 1969 997 2014 ita
1027 1970 1328 2022 explicamus,
1360 1978 1411 2014 ut
1441 1969 1642 2022 explicat
1664 1968 1998 2021 Rothsteinius,
2016 1967 2192 2021 Guyeti

475 2063 744 2109 coniectura
774 2064 1049 2109 abiectum
1081 2079 1168 2117 pro
1199 2064 1482 2109 obiectum
1515 2064 1707 2109 tortasse
1737 2079 1899 2109 carere
1930 2078 2192 2117 possumus.

340 2199 531 2245 35—38.
595 2201 694 2245 Iam
726 2199 929 2254 Scaliger
958 2201 1045 2246 hos
1073 2216 1239 2246 versus
1265 2201 1418 2246 alieno
1439 2201 1545 2246 loco
1567 2200 1655 2254 legi
1672 2200 1911 2246 intellexit.
1937 2200 2046 2245 Iure
2064 2199 2192 2245 enim

476 2304 604 2349 rogat
647 2295 1004 2341 Luetiohannus
1047 2293 1390 2353 (Commentat.
1435 2296 1576 2349 Prop.
1620 2312 1665 2350 p.
1704 2293 1814 2354 40):
1859 2310 2034 2350 „quare
2065 2295 2192 2340 enim

477 2390 652 2435 factum
698 2399 781 2442 est,
828 2399 878 2435 ut
925 2391 1046 2436 inter
1091 2392 1324 2444 querellas
1369 2391 1541 2445 quibus
1584 2406 1629 2435 v.
1677 2389 1850 2436 13—50
1893 2389 2192 2444 Propertium

478 2485 634 2530 obruit
675 2485 883 2538 Cynthia
922 2486 1075 2531 subito
1118 2487 1323 2531 eundem
1368 2486 1707 2537 adhortaretur,
1749 2493 1800 2530 ut
1837 2499 2000 2530 servos
2031 2483 2192 2530 mortis

479 2595 590 2625 suae
633 2590 847 2625 auctores
890 2580 1159 2626 cruciaret?
1201 2589 1246 2626 at
1287 2596 1348 2625 ne
1388 2580 1453 2625 ibi
1494 2580 1687 2632 quidem
1719 2594 1814 2634 quo
1852 2594 1933 2624 eos
1964 2578 2194 2624 transtulit

480 2674 695 2728 Scaliger,
739 2684 843 2728 post
886 2691 931 2720 v.
975 2675 1033 2720 46
1075 2673 1257 2720 locum?
1276 2690 1413 2720 suum
1456 2675 1729 2720 defendunt.
1777 2674 1860 2719 sed
1906 2672 2193 2718 coniunctivi

480 2779 701 2815 uratur
743 2771 1083 2816 candescat
1127 2771 1313 2816 tollat
1343 2771 1665 2816 demonstrant
1695 2770 2036 2820 mandatorum,
2072 2781 2194 2822 quae

480 2865 591 2910 inde
623 2881 650 2910 a
681 2882 726 2910 v.
756 2865 810 2910 71
855 2881 905 2910 se
949 2866 1100 2911 amico
1143 2867 1355 2911 daturam
1398 2881 1500 2910 esse
1531 2864 1800 2918 pronuntiat
1831 2863 2052 2916 Cynthia,
2076 2863 2194 2907 haec

480 2970 659 3014 partem
700 2962 902 3015 aliquam
943 2962 1171 3006 efficere”.
1206 2961 1358 3006 Reicit
1389 2969 1545 3006 autem
1579 2959 1933 3004 Luetiohannus
1964 2959 2041 3003 illa
2071 2957 2194 3002 disti-

481 3057 569 3100 cha
600 3067 703 3108 post
734 3072 779 3101 v.
812 3056 883 3109 76,
916 3071 1002 3101 nos
1034 3056 1319 3110 Postgatium
1352 3056 1485 3109 sequi
1517 3056 1762 3106 malumus,
1794 3054 1874 3108 qui
1904 3067 1983 3098 eos
2008 3061 2111 3106 post
2136 3052 2193 3098 72

480 3151 788 3204 transposuit;
830 3152 890 3195 de
931 3151 1161 3196 Chloride
1202 3151 1329 3195 enim
1372 3151 1570 3204 loquens
1613 3157 1779 3201 sponte
1820 3149 1881 3193 de
1924 3155 2074 3192 morte
2111 3161 2195 3192 sua

481 3245 683 3298 cogitare
699 3246 960 3299 inducitur3
978 3246 1044 3291 sic
1061 3245 1208 3290 verba
1233 3245 1401 3290 sensi
1434 3253 1542 3298 ego
1569 3243 1816 3297 perspicua
1831 3242 1971 3287 fiunt:
1993 3255 2193 3293 „nempe

483 3340 607 3384 sensi
638 3349 738 3393 ego,
770 3356 855 3386 cur
886 3341 1001 3385 mihi
1032 3341 1328 3394 pereundum
1360 3348 1507 3391 esset,
1540 3337 1730 3384 Chloris
1761 3336 1843 3382 tibi
1874 3335 2115 3390 persuasit,
2142 3342 2194 3380 ut

484 3435 675 3479 foedum
708 3436 798 3479 hoc
829 3435 1006 3480 {acinus
1028 3435 1388 3480 committeres”.
