2566 3886
1124 275 1361 321 -38-

1056 557 1311 604 ELEGIA
1342 558 1430 604 XI.

350 713 389 757 1.
451 712 636 765 Ecquid
668 721 714 757 te
746 712 913 757 mediis
944 721 1219 765 cessantem,
1252 712 1478 766 Cynthia,
1512 713 1632 765 Bais,

602 822 697 860 qua
727 808 846 852 iacet
878 807 1131 852 Herculeis
1163 808 1328 852 semita
1358 807 1586 859 litoribus,

350 902 391 947 3.
453 912 500 948 et
531 904 673 948 modo
704 902 957 956 Thesproti
989 902 1237 947 mirantem
1269 902 1455 947 subdita
1484 912 1629 956 regno

604 999 818 1051 proxima
850 998 1051 1043 Misenis
1082 1013 1290 1050 aequora
1320 998 1557 1043 nobilibus
1589 1013 1686 1051 eqs.

451 1094 565 1139 Non
609 1109 800 1146 possum
833 1093 940 1138 satis
972 1093 1130 1137 mirari
1162 1108 1329 1137 eorum
1361 1093 1572 1138 virorum
1605 1093 1852 1138 doctorum
1884 1094 2168 1147 caecitatem,

453 1190 535 1242 qui
581 1198 810 1242 spernunt
853 1188 1163 1233 necessariam
1204 1188 1422 1242 Scaligeri
1453 1188 1771 1233 coniecturam
1804 1204 1890 1241 pro
1921 1189 2171 1242 proxima

454 1293 509 1329 et
541 1285 702 1329 modo
733 1285 939 1337 legentis.
958 1284 1086 1329 Nam
1104 1285 1226 1329 inter
1243 1284 1515 1329 Baehrensii
1529 1293 1801 1337 argumenta
1816 1281 2106 1342 (Prolegom.
2123 1300 2168 1338 p.

453 1377 678 1437 XXVII)
709 1395 858 1424 unum
891 1380 1052 1424 saltem
1086 1380 1215 1424 nullo
1239 1380 1383 1424 modo
1408 1379 1623 1432 redargui
1639 1388 1810 1432 potest;
1828 1380 2002 1431 „Plane
2019 1380 2169 1434 singu-

453 1474 624 1526 lariter,
638 1474 802 1527 inquit,
820 1474 863 1519 ei
880 1475 1009 1527 quod
1033 1475 1199 1528 legitur
1224 1490 1270 1519 v.
1285 1473 1312 1518 3
1336 1483 1388 1519 et
1423 1475 1583 1519 modo
1602 1475 1733 1519 deest
1751 1475 1827 1520 cui
1844 1476 2170 1528 respondeat”.

350 1664 392 1709 6.
455 1664 552 1709 Hic
584 1680 749 1710 versus
781 1665 882 1710 sine
914 1665 1060 1710 dubio
1091 1674 1311 1719 corrupte
1342 1665 1537 1710 traditus
1554 1674 1636 1710 est.
1661 1665 1790 1710 Nam
1823 1665 1878 1710 in
1920 1674 2171 1711 extremo

455 1775 660 1805 amore
691 1768 878 1805 vertere
911 1760 987 1805 im
1019 1763 1387 1805 aussersten
1414 1760 1663 1805 Winkel
1687 1761 1906 1806 deines
1930 1761 2171 1806 Liebes-

458 1856 629 1909 empf
637 1856 814 1901 indes
846 1853 939 1914 (sic
974 1853 1323 1913 Rothsteinius)
1354 1855 1538 1909 linguae
1570 1855 1765 1900 Latinae
1797 1856 1895 1900 vim
1918 1855 2072 1900 facere
2088 1863 2171 1900 est.

455 1952 603 1997 Varia
633 1952 880 1996 coniecere
911 1951 1073 2003 critici,
1106 1967 1165 1996 ex
1197 1951 1368 2003 quibus
1402 1950 1711 2003 Rossbergius
1734 1948 1993 2008 (Fleckeis.
2010 1950 2173 1996 Jahrb.

460 2046 589 2099 1883,
621 2062 666 2100 p.
698 2045 782 2104 69)
814 2055 860 2091 et
892 2046 1165 2091 Kraffertius
1197 2043 1437 2104 (Beitrfige
1469 2060 1514 2098 p.
1550 2043 1680 2103 140):
1710 2046 1881 2098 ecquid
1899 2046 1946 2090 in
1964 2054 2176 2091 extremo

460 2152 602 2188 restat
632 2157 816 2188 amare
847 2141 1010 2187 loco?
1043 2142 1317 2187 Kraffertius
1348 2141 1531 2186 confert
1562 2142 1623 2193 ΙΙ,
1657 2141 1727 2193 22,
1763 2141 1838 2186 18:

612 2239 676 2283 mi
708 2238 895 2282 fortuna
924 2238 1101 2290 aliquid
1133 2252 1321 2290 semper
1352 2251 1510 2281 amare
1542 2237 1686 2288 dedit,

459 2334 542 2378 sed
574 2333 831 2378 sententiae
863 2348 1030 2385 novae,
1063 2348 1184 2386 quae
1216 2332 1282 2377 sic
1314 2332 1476 2384 oritur,
1493 2332 1570 2376 hic
1587 2347 1683 2377 non
1701 2332 1845 2377 locus.
1864 2332 2173 2378 Housmanus

460 2425 604 2486 (JPh.
636 2427 773 2480 XVI,
807 2442 851 2480 p.
884 2426 938 2485 2)

612 2523 774 2576 ecquis
806 2523 854 2568 in
886 2531 1099 2568 extremo
1130 2531 1271 2567 restat
1302 2537 1454 2567 amor
1484 2522 1686 2567 iecore.

460 2618 552 2664 Sed
599 2618 854 2671 elegantius
892 2627 939 2662 et
985 2633 1092 2662 mea
1122 2618 1347 2670 opinione
1379 2632 1493 2662 vere
1525 2617 1767 2671 proposuit
1800 2617 2175 2663 Heimreichius:

463 2714 626 2766 ecquis
658 2714 705 2758 in
738 2722 951 2758 extremo
982 2710 1271 2771 (pectore)
1302 2721 1443 2757 restat
1475 2711 1660 2757 amor?

462 2811 716 2863 Postquam
749 2817 1010 2862 pectore
1042 2824 1069 2853 a
1099 2809 1346 2862 negligenti
1368 2808 1558 2853 librario
1580 2807 1803 2853 omissum
1828 2816 1910 2860 est,
1933 2823 2176 2854 successor

461 2920 652 2951 versum
684 2905 744 2950 de
776 2919 862 2951 suo
893 2904 1142 2957 supplevit.

329 3079 474 3125 15.16
533 3079 716 3124 Versus
750 3077 819 3123 15.
854 3077 909 3123 16
941 3077 1249 3122 Housmanus
1280 3074 1424 3134 (JPh.
1440 3076 1578 3128 XVI,
1594 3091 1639 3129 p.
1657 3073 1711 3133 2)
1739 3084 2044 3128 transponere
2074 3075 2177 3120 vult

460 3183 565 3227 post
623 3173 664 3225 8,
723 3188 844 3226 quae
903 3173 1172 3218 coniectura
1229 3172 1462 3225 Postgatio
1481 3169 1523 3229 ¹)
1585 3171 1780 3223 arridet;
1825 3171 1908 3215 sed
1951 3178 2078 3215 recte
2124 3185 2175 3215 se

460 3269 635 3314 habent
665 3283 845 3321 versus,
877 3282 973 3321 quo
1004 3268 1108 3313 loco
1140 3283 1267 3312 nunc
1298 3268 1527 3321 leguntur,
1560 3267 1619 3312 cf.
1653 3265 2014 3311 Rothsteinium.

379 3457 404 3506 ι)
453 3462 527 3498 vid.
554 3473 635 3503 app.
661 3462 744 3496 crit.
770 3461 858 3495 edit.
887 3460 989 3497 1894.
