2566 3886
331 3065 399 3110 19.

1138 256 1404 303 —302—

479 388 835 441 transpositione
867 403 986 440 opus
1018 403 1121 433 esse
1147 398 1326 433 textum
1353 389 1573 434 traditum
1591 390 1720 436 hisce
1736 392 2019 444 argumentis
2035 394 2192 439 delen·

478 484 567 528 dit:
586 484 728 535 „Was
746 483 961 527 hinderte
979 484 1072 527 den
1106 483 1303 528 Dichter
1336 484 1382 528 in
1415 485 1501 528 der
1532 484 1572 528 F
1576 500 1678 529 orm
1711 486 1797 530 der
1828 501 1856 531 o
1874 502 1900 531 c
1916 502 1942 531 c
1962 503 1992 531 u
2010 502 2041 539 p
2057 503 2084 532 a
2101 488 2195 533 tio

478 579 796 623 fortzufahren
829 579 927 623 und
959 579 1129 631 gerade
1162 578 1238 623 die
1270 593 1345 623 am
1375 579 1571 624 meisten
1590 581 2021 626 hervorstechende
2038 582 2193 628 Func-

477 674 573 719 tion
621 675 705 718 des
752 673 934 725 Gottes,
979 673 1055 718 die
1102 674 1206 718 hier
1252 689 1327 718 am
1374 675 1630 728 wenigsten
1669 675 1966 729 iibergangen
1998 679 2192 724 werden

475 770 644 820 durfte,
689 768 1048 813 auszuffihrenP
1087 769 1207 813 Eine
1239 770 1415 813 andere
1449 769 1783 824 Beobachtung
1813 772 1939 817 fiihrt
1971 788 2033 817 zu
2065 773 2193 818 dem-

474 865 636 910 selben
683 864 936 909 Resultate.
982 865 1074 909 Die
1120 865 1168 909 in
1201 880 1246 909 v.
1282 864 1455 910 11—-18
1487 866 1812 919 ausgezahlten
1845 867 2054 912 Friichte
2085 867 2190 913 sind

474 970 594 1014 ganz
624 961 825 1005 anderer
855 961 961 1012 Art,
993 962 1060 1005 als
1091 960 1168 1005 die
1200 975 1295 1005 von
1328 976 1372 1005 v.
1406 961 1459 1004 41
1494 961 1553 1005 ab
1584 970 1848 1014 genannten
1879 936 2191 1015 cucumis,

474 1055 824 1107 cucurbita,
870 1056 1169 1108 brassica,
1210 1056 1427 1100 flores.
1473 1056 1566 1100 Die
1611 1056 1864 1101 Letzteren
1909 1057 2014 1102 sind
2061 1058 2192 1102 recht

473 1141 749 1205 eigentliche
809 1152 1132 1196 hortorum
1192 1151 1365 1202 dona,
1417 1151 1706 1204 dahingegen
1753 1167 1867 1196 uva
1919 1152 2192 1205 varians,

474 1261 640 1292 coma
671 1246 886 1298 spicea
916 1245 1182 1290 lactami
1214 1247 1392 1298 fruge
1423 1254 1678 1298 tumens,
1712 1247 1932 1299 cerasi,
1964 1255 2192 1292 autum-

474 1342 643 1386 nalia
695 1357 905 1394 pruna,
953 1341 1194 1385 aestiva
1240 1356 1403 1385 mora
1455 1342 1622 1386 hochst
1668 1342 1946 1387 bezeichnet
1992 1343 2191 1395 gewfihlt

472 1438 577 1483 sind
623 1438 700 1482 ffir
747 1438 823 1482 die
869 1437 1181 1481 vertentis
1233 1438 1375 1482 anni
1430 1438 1721 1482 fructus”.
1770 1437 1862 1482 Sed
1910 1453 2189 1483 enumerare

471 1532 775 1583 obliviscitur,
822 1547 943 1585 quae
989 1541 1239 1576 nascantur
1285 1532 1574 1577 difficultates
1620 1534 1658 1577 si
1704 1533 1920 1577 ordinem
1967 1533 2188 1578 traditum

469 1643 693 1673 versuum
726 1642 916 1672 servare
947 1642 1188 1672 conemur.
1223 1627 1351 1671 Nam
1383 1627 1494 1672 inde
1526 1643 1553 1671 a
1584 1627 1798 1672 versibus
1829 1627 1980 1671 2122:

543 1732 808 1776 opportuna
839 1737 944 1767 mea
974 1731 1044 1767 est
1075 1723 1255 1767 cunctis
1287 1731 1452 1767 natura
1483 1722 1665 1776 figuris:

622 1819 670 1862 in
702 1833 1050 1871 quamcumque
1082 1818 1213 1862 voles
1244 1827 1438 1870 verte,
1471 1818 1672 1863 decorus
1703 1833 1785 1862 ero

470 1923 626 1959 narrat
670 1913 979 1965 VertumnuS,
1027 1913 1074 1957 in
1121 1928 1237 1966 quas
1280 1913 1448 1966 figuras
1494 1913 1663 1957 mutari
1703 1913 1872 1966 possit;
1914 1927 1997 1957 sex
2029 1920 2184 1958 tamen

468 2009 556 2053 illis
588 2008 804 2053 versibus
836 2008 964 2052 nulla
994 2008 1172 2052 formae
1204 2008 1398 2053 mutatio
1430 2007 1723 2060 describitur,
1750 2008 1833 2052 sed
1857 2007 2004 2052 verba
2021 2022 2187 2052 versus

470 2103 555 2148 46:
602 2103 937 2156 impositus
980 2103 1176 2147 fronti
1223 2112 1499 2156 argumento
1531 2111 1639 2148 sunt
1669 2104 1730 2148 de
1762 2103 1892 2156 signo
1924 2117 2009 2146 suo
2043 2103 2186 2147 deum

469 2199 611 2252 loqui,
656 2200 717 2243 de
760 2213 855 2252 quo
897 2198 1034 2242 etiam
1079 2213 1220 2243 versu
1255 2197 1308 2242 17
1342 2212 1498 2242 sermo
1529 2197 1641 2242 fuit:
1673 2194 1776 2254 (hic
1807 2215 1855 2231 Ξ
1885 2205 1992 2242 ante
2026 2212 2184 2242 meum

469 2290 704 2350 signum);
737 2294 797 2337 de
829 2308 1083 2337 munere
1115 2290 1406 2350 (Function)
1437 2292 1514 2336 hic
1545 2292 1660 2336 nihil
1692 2291 1902 2345 legimur.

468 2387 611 2439 Quod
657 2403 772 2432 vero
820 2387 934 2432 Otto
981 2387 1200 2432 observat
1246 2402 1387 2431 uvam
1435 2386 1709 2438 variantem,
1756 2400 1939 2430 comam
1978 2385 2182 2438 spiceam

466 2483 651 2527 lactanti
682 2483 815 2536 fruge
846 2491 1120 2534 tumentem,
1152 2496 1352 2533 cerasos,
1383 2481 1668 2526 autumnalia
1699 2495 1850 2533 pruna
1880 2481 2056 2526 tructus
2079 2495 2181 2525 esse

465 2579 690 2623 vertentis
736 2578 860 2630 anni,
903 2594 929 2622 a
969 2577 1139 2631 quibus
1181 2576 1397 2621 differant
1440 2577 1684 2620 hortorum
1727 2576 1804 2620 illa
1845 2576 1982 2627 dona,
2015 2591 2180 2628 parum

464 2675 580 2718 haec
598 2689 674 2718 me
691 2682 850 2718 movet
866 2673 1081 2724 obiectio,
1099 2687 1206 2716 nam
1224 2671 1407 2716 initium
1432 2685 1564 2715 nam
1596 2670 1743 2723 quid
1775 2679 1884 2723 ego
1916 2670 2180 2715 adiciam

463 2770 570 2813 satis
602 2768 826 2822 significat
850 2777 1036 2821 poetam
1067 2767 1243 2821 aliquid
1274 2767 1464 2818 addere,
1497 2766 1624 2820 quod
1649 2765 1878 2818 pertineat
1902 2766 2094 2819 quidem
2120 2767 2179 2811 ad

462 2879 531 2916 ea,
563 2879 684 2917 quae
715 2863 1017 2916 praecedunt,
1049 2863 1132 2907 sed
1164 2871 1320 2906 tamen
1348 2876 1443 2906 non
1471 2875 1661 2912 prorsus
1678 2860 1889 2905 eiusdem
1907 2860 1965 2905 sit
1980 2861 2177 2913 generis.

461 3067 665 3111 mendax
695 3066 820 3110 fama
851 3079 1019 3110 noces:
1051 3065 1168 3109 alius
1200 3063 1314 3109 mihi
1347 3062 1550 3108 nominis
1582 3063 1725 3107 index

463 3161 794 3205 Lachmannus
826 3161 884 3204 ad
917 3161 1043 3204 hunc
1077 3174 1269 3204 versum
1301 3158 1515 3202 adnotat:
1549 3156 1699 3209 „Quis
1730 3156 1808 3201 ille
1840 3155 1957 3200 alius
1989 3155 2176 3201 index?

461 3255 567 3307 Ipse
599 3255 893 3299 Vertumnus
925 3254 1114 3299 scilicet.
1148 3253 1251 3298 Cur
1282 3253 1418 3306 igitur
1448 3261 1542 3296 tam
1575 3251 1693 3295 mire
1725 3250 1931 3303 loquitur
1946 3250 2001 3294 P'’

459 3349 641 3395 Contra
687 3350 802 3394 haec
851 3348 1142 3394 Lachmanni
1189 3348 1336 3393 verba
1374 3347 1552 3400 primus
1584 3345 1909 3399 Schippersius
1940 3342 2172 3403 (Observ.

460 3444 543 3489 Cr.
576 3460 620 3496 p.
653 3442 737 3502 26)
769 3444 884 3488 nihil
915 3443 1105 3488 absurdi
1133 3443 1243 3488 huic
1266 3444 1371 3488 loco
1388 3443 1555 3493 inesse,
1573 3456 1729 3494 neque
1745 3442 1864 3486 adeo
1881 3439 2174 3485 correctione
