2566 3886
1149 286 1414 332 —195—

491 415 538 462 Si
585 417 690 471 quis
736 425 892 461 autem
938 425 1067 469 putat
1106 417 1308 462 Romani
1341 426 1506 469 poetae
1538 432 1712 463 nomen
1744 418 1866 463 inter
1895 427 1963 463 tot
1994 418 2205 464 Graecos

489 527 680 566 prorsus
712 528 807 557 non
839 512 1112 566 exspectari,
1143 514 1427 557 commendo
1458 513 1722 566 lectionem,
1754 528 1895 567 quam
1928 513 2207 567 excogitavit

490 607 565 652 vir
596 608 762 652 doctus
798 607 950 652 Nairn
983 604 1115 664 (CR.
1147 607 1284 659 XIII,
1317 623 1361 660 p.
1394 605 1534 665 393):

781 710 860 746 aut
894 702 1008 755 quid
1040 702 1261 747 Aratei
1293 703 1376 747 tibi
1409 711 1606 755 prosunt
1637 703 1847 748 carmina
1877 703 2133 755 plectri.

486 796 575 842 Sic'
628 798 795 843 melius
857 797 1221 850 intelligeremus
1282 812 1459 842 versus·
1496 797 1650 850 51sq.:
1698 799 1865 843 harum
1913 799 2041 843 nulla
2087 799 2206 843 solet

491 893 719 938 rationem
751 907 979 945 quaerere
1011 892 1189 937 mundi.

354 1083 425 1129 31.
487 1092 536 1128 tu
569 1083 710 1128 satius
743 1097 1002 1127 memorem
1036 1082 1190 1127 Musis
1221 1081 1403 1126 imitere
1436 1081 1649 1126 Philetan

485 1193 814 1223 memorem
859 1177 1061 1222 Musis
1105 1177 1181 1229 N;
1229 1176 1427 1222 Musis
1471 1191 1803 1221 memorem
1836 1175 2083 1222 DVFL.

492 1272 627 1317 Nihil
658 1273 716 1317 ad
747 1273 873 1317 hunc
904 1287 1094 1316 versum
1128 1272 1294 1316 melius
1325 1271 1676 1324 intelligendum
1708 1273 1899 1325 prodest
1931 1272 2202 1318 meminisse

482 1378 642 1421 poetas
689 1381 832 1424 saepe
874 1383 901 1412 a
942 1367 1031 1412 diis
1080 1367 1307 1419 accipere,
1351 1382 1472 1421 quae
1513 1366 1772 1420 legentibus
1808 1367 2005 1419 tradant,
2044 1382 2201 1421 neque

486 1463 675 1517 contigit
707 1462 1001 1508 Rothsteinio
1032 1471 1082 1507 ut
1113 1461 1271 1507 verbis
1302 1462 1427 1506 haud
1460 1461 1602 1506 dubie
1634 1461 1864 1515 corruptis
1896 1461 2065 1506 bonam
2099 1477 2201 1507 sen-

478 1558 669 1604 tentiam
701 1558 960 1611 praeberet.

483 1653 889 1704 Coniecturarum,
921 1667 1036 1706 quas
1053 1652 1219 1696 multas
1236 1661 1581 1705 proposuerunt
1597 1652 1686 1697 viri
1704 1652 1840 1704 docti,
1859 1652 1972 1697 mihi
1996 1652 2198 1697 maxime

479 1750 631 1802 placet
662 1747 906 1799 Hoeufftii‚
938 1762 1079 1801 quam
1113 1746 1403 1791 Hartmanus
1435 1762 1625 1801 quoque
1656 1748 1969 1800 commendat,

595 1852 645 1887 tu
679 1842 822 1887 Latiis
854 1850 1069 1887 tenerum
1103 1841 1257 1886 Musis
1289 1842 1471 1887 imitere
1503 1842 1748 1887 Philetam.

482 1937 647 1983 Minus
676 1938 826 1990 placet
858 1936 1063 1982 Santenii
1095 1938 1338 1989 correctio,
1369 1953 1509 1991 quam
1542 1954 1704 1983 veram
1738 1938 1867 1983 ducit
1890 1938 2196 1983 Housmanus

479 2031 623 2091 (JPh.
656 2032 794 2084 XXI,
826 2047 870 2084 p.
908 2030 1032 2090 155),
1066 2033 1322 2086 Postgatius
1354 2033 1541 2086 recipit:

595 2136 644 2172 tu
678 2127 819 2172 satius
852 2126 1007 2171 Musis
1038 2127 1264 2172 leviorem
1297 2127 1479 2172 imitere
1511 2128 1754 2172 Philetam.

476 2222 660 2267 Verear
701 2221 842 2273 enim,
881 2237 941 2266 ne
977 2221 1113 2275 pauci
1146 2221 1203 2265 M
1222 2222 1356 2266 usis
1388 2222 1464 2266 hic
1493 2222 1908 2267 carminibus
1939 2222 2193 2276 accipiant;

481 2332 589 2362 cum
621 2316 965 2369 comparativus
992 2325 1226 2370 sequatur,
1261 2317 1428 2362 musis
1461 2316 1727 2361 leviorem
1755 2317 1893 2361 valde
1925 2317 2192 2370 ambiguum

475 2421 558 2457 est.

345 2599 416 2646 39.
479 2600 576 2646 Hic
622 2616 786 2646 versus
833 2601 892 2646 ab
939 2600 984 2645 O
1018 2598 1132 2658 (nisi
1165 2602 1292 2655 quod
1326 2601 1366 2646 F
1398 2616 1598 2653 prosu
1616 2609 1681 2646 nt
1711 2598 1878 2658 habet)
1908 2601 1971 2646 ita
2000 2602 2190 2655 legitur:

474 2712 570 2741 non
601 2696 919 2750 Amphiareae
949 2696 1129 2749 prosint
1160 2696 1241 2740 tibi
1273 2696 1363 2740 fata
1393 2696 1670 2749 quadrigae3

473 2791 708 2836 lenissima
765 2791 1032 2836 coniectura
1077 2806 1268 2836 versum
1315 2790 1513 2835 restituit
1559 2789 1817 2842 Postgatius
1864 2787 1937 2846 (in
1984 2790 2190 2835 editione

477 2882 642 2942 1894):
674 2885 964 2937 Amphiarea
994 2885 1077 2929 tibi
1108 2900 1203 2929 non
1235 2885 1415 2938 prosint
1444 2886 1535 2929 fata
1565 2884 1830 2937 quadrigae,

472 2979 611 3032 paulo
643 2979 796 3023 minus
827 2979 1092 3024 verisimilis
1124 2988 1192 3024 est
1223 2979 1424 3032 suspicio
1458 2978 1763 3023 Rothsteinii:

587 3073 877 3126 Amphiarea
907 3074 1022 3118 nihil
1052 3074 1233 3126 prosint
1262 3074 1345 3118 tibi
1376 3074 1465 3117 fata
1496 3073 1760 3126 quadrigae,

475 3182 583 3211 nam
629 3167 677 3211 in
712 3167 928 3220 Postgatii
959 3168 1228 3212 coniectura
1258 3167 1404 3211 verba
1435 3167 1602 3211 tradita
1633 3167 1816 3210 servata
1848 3173 1979 3217 sunt3
2011 3165 2185 3210 nihil

473 3270 628 3306 autem
660 3277 790 3306 mera
819 3262 1087 3306 coniectura
1117 3271 1199 3306 est.

341 3449 412 3494 42.
474 3450 665 3501 Desine,
697 3458 743 3494 et
773 3451 832 3495 ad
863 3450 1027 3495 molles
1058 3450 1270 3495 membra
1299 3450 1484 3494 resolve
1515 3450 1683 3494 choros
