2566 3886
325 764 396 809 21.

322 1718 394 1764 29.

326 2384 398 2430 33.

1119 256 1385 301 -212-

460 385 675 437 versaris,
718 385 910 439 gloriam
942 394 1103 439 petere
1134 401 1229 430 non
1261 386 1451 431 debes.”
1483 386 1800 433 Phillimorius
1832 389 2036 435 Fruterii
2067 406 2175 436 con-

462 480 687 525 iecturam
736 481 784 525 in
831 490 960 526 textu
1010 482 1155 535 ponit,
1203 497 1360 535 neque
1408 490 1563 527 tamen
1610 483 1658 527 in
1727 493 1949 536 apparatu
2012 485 2174 532 critico

459 576 650 621 adnotat
680 576 791 620 hin
809 591 834 621 c
866 591 926 621 ex
957 577 1227 622 coniectura
1258 591 1308 621 se
1340 577 1497 622 dare.”

458 780 544 809 eur
575 774 653 810 tua
683 766 971 819 praescripto
1002 775 1190 811 seveota
1220 775 1290 811 est
1320 766 1485 820 pagina
1515 765 1672 819 gyro?

460 860 604 912 Quod
637 862 946 906 sevehendi
979 861 1128 907 verbo
1158 877 1300 906 nemo
1325 870 1511 916 praeter
1527 862 1825 914 Propertium
1843 877 1955 907 usus
1974 871 2056 916 est,
2074 861 2178 908 Sca-

457 956 654 1009 ligerum
672 956 899 1009 Paleyum
919 957 1202 1010 Postgatium
1229 958 1376 1002 movit
1393 955 1467 1015 (in
1486 957 1595 1002 edit.
1612 954 1753 1015 1894)
1769 966 1820 1002 ut
1836 958 2175 1011 „praescriptos

460 1060 625 1096 evecta
656 1060 725 1096 est
756 1052 922 1105 pagina
948 1053 1115 1106 gyros”
1161 1052 1433 1105 scriberent,
1482 1052 1618 1098 Haec
1665 1053 1934 1097 coniectura
1969 1067 1997 1097 a
2028 1053 2174 1098 Lach-

457 1162 631 1192 manno
661 1147 794 1199 „quis
812 1148 873 1192 ita
903 1149 1086 1193 locutus
1118 1148 1175 1192 sit
1207 1148 1391 1192 evehi
1423 1157 1608 1201 gyros
1633 1163 1720 1202 pro
1752 1148 1933 1201 egyris,
1950 1148 2027 1193 vel
2045 1156 2176 1193 extra

457 1243 624 1296 gyros'’
655 1251 846 1296 rogante
878 1243 1071 1288 minime
1103 1244 1343 1295 refutatur,
1376 1244 1435 1288 cf.
1468 1244 1554 1295 ΙΙΙ,
1587 1243 1629 1296 5,
1661 1243 1744 1288 37:

579 1353 726 1383 curve
758 1353 867 1383 suos
899 1338 1003 1383 finis
1035 1339 1178 1383 altum
1210 1354 1307 1383 non
1337 1347 1472 1383 exeat
1502 1354 1693 1392 aequor,

457 1435 540 1479 sed
573 1434 929 1479 sevehendi
961 1434 1178 1486 verbum,
1209 1449 1295 1478 cur
1327 1435 1603 1479 mutandum
1636 1435 1707 1486 sit,
1738 1449 1834 1479 non
1865 1435 2008 1480 video
2026 1435 2174 1480 Lach-

463 1545 732 1582 mannoque
755 1530 966 1574 concedo
998 1529 1144 1573 nihilo
1175 1529 1308 1582 peius
1339 1544 1442 1574 esse
1474 1545 1616 1582 quam
1648 1531 1887 1575 seduci.

457 1729 568 1773 ergo
600 1735 840 1764 musarum
873 1728 919 1764 et
951 1717 1094 1763 Sileni
1125 1719 1267 1772 patris
1299 1719 1464 1772 imago.

458 1815 607 1859 Recte
638 1830 725 1868 pro
757 1823 901 1868 ergo
933 1814 1070 1867 orgia
1096 1810 1137 1870 l)
1168 1813 1368 1858 coniecit
1401 1813 1629 1859 Heinsius
1666 1830 1807 1867 quam
1855 1815 2171 1860 coniecturam

456 1910 763 1955 certissimam
823 1924 925 1954 esse
983 1909 1295 1962 intelligimus,
1356 1911 1393 1953 si
1454 1909 1639 1963 origo,
1695 1911 1823 1963 quod
1870 1911 1918 1955 in
1965 1911 2172 1965 margine

456 2006 676 2050 codicum
723 2005 930 2059 legimus,
978 2021 1064 2058 pro
1110 2014 1330 2058 corrupta
1375 2021 1495 2050 voce
1541 2006 1715 2059 orgia
1762 2005 2004 2051 habemus.
2024 2003 2067 2064 ⁹)
2114 2006 2169 2051 L.

458 2101 682 2146 Muelleri
714 2101 984 2146 coniectura
1015 2117 1062 2145 m
1080 2116 1146 2146 us
1163 2110 1361 2146 tarum
1394 2099 1497 2158 (vel
1515 2101 1668 2154 potius
1692 2098 2060 2159 mystarum)
2076 2116 2171 2146 non

455 2196 718 2240 necessaria
748 2205 831 2249 est,
863 2205 914 2241 ut
945 2205 1137 2250 apparet
1161 2212 1220 2241 ex
1253 2196 1322 2248 iis,
1353 2211 1474 2249 quae
1506 2196 1565 2240 ad
1598 2195 1683 2240 ΙΙΙ.
1718 2196 1758 2240 l.
1787 2196 1814 2240 4
1831 2196 2171 2241 annotavimus.

460 2386 772 2438 diversaeque
803 2401 977 2430 novem
1009 2386 1196 2430 sortitae
1228 2401 1338 2430 rura
1368 2385 1573 2430 Puellae.

458 2482 517 2525 ad
550 2481 718 2526 sorti
737 2490 833 2525 tae
864 2497 932 2525 ru
950 2497 1015 2526 ra
1049 2483 1166 2526 haec
1197 2489 1388 2525 annotat
1420 2479 1766 2524 Rothsteinius:
1800 2479 1936 2531 „weil
1950 2479 2049 2525 sich
2064 2479 2171 2534 jede

458 2577 601 2621 einen
660 2575 958 2620 bestimmten
1008 2575 1141 2620 Platz
1183 2576 1460 2629 ausgesucht
1505 2575 1636 2626 hat’';
1685 2574 2010 2619 Broukhusius
2059 2574 2170 2619 olim

456 2687 481 2715 r
497 2686 604 2716 ura
641 2671 923 2715 defendebat
953 2680 1145 2725 propter
1176 2672 1375 2716 hederas
1407 2672 1590 2723 thyrsos
1621 2685 1763 2722 rosas,
1796 2677 1842 2714 et
1873 2669 2171 2714 Burmannus

453 2781 565 2810 rura
596 2766 801 2810 servavit
832 2767 1031 2811 eandem
1063 2766 1125 2811 ob
1157 2781 1375 2811 causam:
1403 2780 1605 2819 „sequor
1623 2764 1988 2816 Broukhusium,
2006 2763 2170 2817 inquit,

454 2877 564 2906 rura
610 2861 967 2914 praeferentem,
1014 2870 1064 2906 ut
1110 2862 1317 2915 singulae
1356 2861 1527 2906 Musae
1559 2861 1746 2905 sortitae
1777 2860 1992 2904 dicantur
2022 2874 2047 2903 r
2063 2873 2171 2903 ura

457 2972 540 3002 seu
585 2965 731 3009 agros,
779 2957 826 3001 in
859 2957 1031 3009 quibus
1062 2957 1261 3001 hederas
1292 2965 1338 3001 et
1368 2971 1496 3001 rosas
1526 2956 1747 3009 legerent,
1778 2969 1894 3008 quas
1925 2962 2090 3007 poetae
2121 2953 2169 2998 in

457 3053 582 3097 dona
612 3052 877 3097 offerrent’'.

456 3148 524 3192 At
567 3147 677 3191 huic
723 3147 1021 3199 explicationi
1067 3147 1388 3199 inpedimento
1434 3155 1503 3191 est
1549 3146 1676 3198 quod
1723 3158 1865 3189 unam
1912 3158 1970 3187 ex
2015 3142 2169 3188 Musis

373 3296 398 3341 1)

448 3295 637 3339 Postgate,
661 3297 789 3331 Journ.
814 3298 857 3331 os
877 3294 1010 3332 Philol.
1036 3297 1146 3331 XXII
1171 3309 1204 3338 p.
1233 3297 1311 3331 152.

371 3367 401 3412 ²)
453 3369 582 3403 Minus
609 3369 729 3408 placet
755 3368 922 3403 Hetzelii
948 3369 1161 3403 coniectura
1187 3380 1209 3403 ο
1221 3380 1268 3402 ra
1279 3380 1334 3408 qu
1346 3379 1366 3401 e
1381 3379 1390 3408 ς
1416 3368 1547 3401 melius
1565 3366 1804 3408 intelligimus
1816 3364 2036 3400 vocabulum
2051 3363 2169 3397 rariu·

324 3452 347 3475 ο
359 3452 376 3474 r
387 3447 408 3482 g
417 3441 429 3474 i
439 3451 459 3474 ι
484 3446 699 3480 corruptum
725 3451 807 3473 ease
833 3451 942 3480 quam
968 3451 992 3474 o
1003 3451 1020 3473 r
1030 3451 1051 3472 a
1062 3451 1085 3479 q
1094 3451 1116 3472 u
1128 3450 1148 3473 e
1173 3450 1305 3473 vocem
1330 3438 1623 3472 usitatissimam.
