2566 3886
352 1075 424 1121 57.

353 1394 425 1440 61.

1138 240 1404 286 -295-

482 390 604 428 quae
633 383 875 428 praeterea
905 387 1096 425 prorsus
1127 387 1222 417 non
1255 378 1386 415 curat
1415 371 1588 415 litteras
1615 369 1818 420 traditas,
1841 376 1888 412 et
1905 366 2193 412 Housmani:

482 467 626 527 (JPh.
643 469 780 521 XVI,
797 485 842 522 p.
862 465 942 525 13)
974 467 1215 512 dixerat
1239 481 1266 510 a
1296 465 1504 510 ventis
1536 480 1642 509 non
1674 463 1975 516 rapienda
2007 462 2192 514 Remo,

483 580 603 620 quae
616 564 843 610 sententia
855 563 1054 609 obscure
1068 562 1305 607 enuntiata
1316 562 1410 605 huc
1421 574 1516 605 non
1527 559 1746 612 pertinet:
1765 558 1830 610 „si
1843 556 2018 609 Sibylla
2029 569 2197 600 revera

483 660 599 705 dixit
630 660 689 704 ad
723 659 927 704 Remum
960 657 1107 702 verba
1138 672 1232 701 non
1264 655 1489 709 rapienda
1520 669 1547 698 a
1577 653 1774 698 ventis”.
1796 651 2032 705 Equidem
2050 649 2194 694 credo

484 754 622 807 aequi
668 768 771 798 esse
816 752 1152 798 consulendam
1200 749 1644 802 interpretationem,
1689 762 1831 800 quam
1864 746 1993 790 dedit
2025 744 2197 789 Hertz-

484 850 696 903 bergius3
740 863 886 901 quare
929 847 1055 892 solus
1100 846 1279 891 Remus
1310 860 1337 889 a
1367 852 1506 897 poeta
1545 842 1827 893 nominetur,
1861 841 1986 886 idem
2034 839 2199 892 proba-

486 945 640 990 biliter
670 943 884 996 explicat.

488 1074 598 1119 Hoc
644 1088 786 1119 versu
832 1071 1002 1116 iniuria
1032 1069 1246 1115 nonnulli
1278 1083 1446 1113 vocem
1480 1083 1526 1112 m
1542 1082 1571 1111 o
1585 1082 1612 1112 e
1626 1067 1725 1111 nia
1756 1074 2024 1119 corruptam
2058 1066 2200 1110 duxe-

486 1178 620 1214 runt:
668 1166 907 1212 moenia
944 1179 1207 1217 namque
1254 1163 1421 1216 repetit
1467 1161 1752 1207 vocabulum
1801 1160 2057 1212 moenia,
2105 1175 2199 1213 qua

485 1261 785 1317 praecedenti
816 1275 958 1305 versu
990 1259 1148 1310 utitur,
1180 1258 1237 1302 cf.
1270 1272 1419 1302 arma
1449 1270 1591 1301 versu
1623 1255 1695 1307 47,
1727 1263 1774 1300 et
1804 1270 1953 1300 arma
1970 1271 2110 1300 versu
2130 1255 2202 1300 46.

490 1392 672 1438 Ennius
703 1392 880 1437 hirsuta
910 1391 1062 1443 cingat
1093 1404 1176 1434 sua
1207 1388 1330 1433 dicta
1356 1401 1532 1432 corona

488 1488 585 1533 Hic
616 1501 782 1531 versus
814 1485 928 1530 mihi
960 1484 1172 1529 nondum
1205 1491 1391 1528 sanatus
1407 1481 1621 1526 videtur:
1643 1480 1916 1526 Baehrensii
1933 1480 2204 1526 coniectura

491 1582 730 1628 Ennius
771 1581 1020 1625 hirsuta
1062 1579 1272 1631 cingat
1319 1592 1426 1622 sua
1470 1586 1752 1630 tempora
1797 1577 1970 1621 oliva
2012 1590 2203 1629 prorsus

490 1693 583 1723 non
608 1676 876 1731 probabilis.
903 1674 1080 1719 Melius
1107 1673 1356 1718 Hetzelius
1381 1669 1621 1729 (Beitriige
1646 1686 1734 1715 zur
1760 1671 1891 1715 Erkl.
1918 1671 1963 1715 d.
1991 1671 2203 1723 Propert.

493 1771 621 1824 1890,
650 1788 694 1826 p.
722 1771 801 1827 44)
816 1786 827 1815 t
862 1769 1042 1814 Ennius
1070 1769 1248 1813 hirsuta
1275 1768 1337 1812 fu
1352 1783 1383 1812 n
1398 1767 1428 1812 d
1442 1775 1498 1811 at
1527 1764 1631 1824 (vel
1646 1781 1657 1810 ε
1690 1781 1721 1818 p
1734 1781 1761 1810 a
1772 1781 1803 1810 n
1817 1774 1844 1818 g
1857 1762 1940 1822 at)
1971 1780 2055 1810 sua
2082 1765 2205 1810 dicta

489 1882 676 1919 corona,
705 1867 737 1911 h
748 1866 763 1910 i
775 1881 799 1910 r
811 1881 833 1910 s
847 1881 878 1910 u
892 1874 909 1909 t
919 1880 946 1909 a
973 1879 999 1909 c
1013 1879 1041 1909 o
1055 1879 1079 1908 r
1091 1879 1120 1909 o
1134 1879 1164 1908 n
1179 1878 1206 1908 a
1233 1872 1470 1915 tamquam
1487 1861 1742 1906 ablativum
1762 1860 1992 1914 qualitatis
2009 1861 2204 1914 iungens

490 1977 598 2007 cum
632 1960 773 2006 Ennii
804 1960 1011 2005 nomine.

492 2080 603 2125 Post
635 2078 692 2124 70
722 2078 924 2131 Scaliger
967 2077 1161 2122 inseruit
1204 2091 1369 2121 versus
1413 2074 1559 2120 87.88.
1597 2074 1694 2119 Alii
1727 2089 1808 2119 eos
1838 2082 1943 2128 post
1973 2072 2031 2119 68
2062 2082 2205 2119 trans-

490 2183 685 2228 ponunt,
731 2182 782 2218 ut
828 2173 919 2218 iam
967 2172 1212 2217 Marcilius
1258 2172 1316 2216 ad
1350 2171 1603 2216 Horatium
1646 2170 1808 2215 voluit.
1851 2169 1943 2215 Sed
1981 2169 2082 2214 iure
2120 2184 2205 2214 suo

491 2280 654 2316 contra
694 2270 816 2314 hanc
861 2267 1268 2320 transpositionem
1314 2266 1428 2312 Otto
1474 2263 1601 2324 (1.1.)
1647 2264 1892 2310 observat:
1944 2265 2059 2317 „der
2102 2264 2205 2309 Fall

492 2365 672 2417 Troias,
714 2365 791 2409 die
833 2364 1108 2416 Enstehung
1155 2362 1317 2413 Roms,
1350 2361 1427 2406 die
1458 2361 1651 2406 weithin
1684 2361 1802 2405 iiber
1833 2360 1910 2405 die
1943 2360 2071 2404 Erde
2102 2374 2205 2404 ver-

491 2469 698 2506 streuten
743 2459 943 2511 Griiber,
988 2459 1070 2503 das
1114 2458 1219 2503 sind
1251 2458 1362 2502 alles
1394 2456 1534 2501 keine
1566 2455 1708 2501 Stofle
1740 2456 1817 2500 fiir
1848 2455 1956 2507 den,
1989 2455 2074 2499 der
2105 2454 2204 2499 sich

492 2563 756 2609 vorgesetzt
785 2555 889 2599 hat:

645 2665 776 2695 sacra
806 2649 1002 2702 diesque
1034 2657 1080 2693 et
1110 2647 1388 2701 cognomina
1419 2647 1571 2700 prisca
1602 2647 1813 2691 locorum

492 2761 554 2790 zu
593 2745 871 2797 besingen”;
909 2744 1109 2788 eandem
1150 2743 1465 2787 difficultatem
1505 2742 1644 2786 sentit
1683 2741 1931 2786 Hetzelius
1972 2740 2207 2796 (Beitrage

492 2855 580 2884 zur
623 2840 805 2884 Erklfir.
837 2840 882 2883 d.
915 2839 1127 2891 Propert.
1162 2837 1275 2882 1890
1306 2853 1351 2890 p.
1383 2835 1481 2894 41).
1526 2836 1682 2881 Possis
1713 2835 1930 2880 conicere
1962 2850 2070 2880 cum
2103 2835 2206 2880 viro

494 2936 632 2979 docto
681 2933 863 2978 Carutti
896 2931 936 2991 1)
985 2941 1134 2977 totum
1184 2932 1416 2977 distichon
1465 2940 1714 2977 centonem
1764 2946 1866 2976 esse
1912 2946 2034 2984 eque
2077 2938 2205 2975 textu

494 3027 774 3072 eiciendum.
806 3026 1007 3071 Confert
1037 3026 1188 3071 enim:
1223 3025 1318 3071 Ov.
1350 3026 1475 3070 Fast.
1500 3026 1536 3077 Ι,
1560 3024 1672 3070 523:
1704 3025 1827 3070 victa
1850 3033 2006 3070 tamen
2029 3024 2206 3075 vinces,

496 3137 754 3174 eversaque
797 3121 941 3166 Troia
983 3129 1220 3174 resurges;
1264 3121 1404 3172 Prop.
1449 3120 1510 3172 11,
1543 3119 1614 3171 27,
1646 3119 1697 3164 6:
1729 3127 1775 3164 et
1806 3119 1946 3164 maris
1978 3126 2024 3163 et
2054 3126 2205 3163 terrae

496 3232 634 3262 caeca
675 3217 850 3270 pericla
891 3216 1010 3268 viae,
1054 3216 1136 3260 sed
1179 3216 1295 3260 haec
1339 3215 1608 3260 coniectura
1651 3215 1751 3259 sine
1795 3214 1940 3259 dubio
1976 3214 2091 3259 falsa
2121 3222 2203 3265 est,

496 3327 604 3356 cum
650 3311 763 3355 tales
809 3310 1147 3362 similitudines,
1193 3318 1243 3355 ut
1286 3310 1427 3354 hodie
1474 3310 1660 3362 scimus,
1707 3309 1822 3354 nihil
1868 3309 2204 3360 demonstrent,

414 3435 442 3482 ¹)
492 3440 530 3473 in
556 3438 718 3472 editione
744 3448 777 3478 p.
803 3437 883 3471 214.
