2566 3886
1155 260 1362 308 -2-

468 392 589 453 (vid.
632 395 733 439 eius
777 395 900 446 edit..
943 408 1064 446 quae
1106 409 1230 439 anno
1276 392 1388 438 1894
1429 391 1642 451 prodiit).
1685 393 1992 440 Housmanus
2026 403 2179 440 autem

466 491 708 535 contendit
738 491 953 534 lacunam
986 503 1086 534 esse
1120 489 1323 534 duorum
1356 503 1580 534 versuum
1614 489 1734 534 inter
1761 504 1926 535 versus
1960 490 2011 534 ll
2039 499 2085 535 et
2113 490 2181 543 12,

468 586 612 638 idque
645 586 758 630 duas
790 585 852 629 ob
883 599 1066 629 causas:

469 679 528 726 1⁰.
561 681 671 734 quia
686 689 790 733 post
806 680 1086 725 adverbium
1113 680 1276 724 modo
1300 677 1396 737 (vs.
1412 677 1494 737 10)
1510 679 1707 724 alterum
1738 680 1899 724 modo
1926 687 2181 732 exspectat:

465 774 527 821 20.
560 792 619 821 ex
651 775 998 829 comparatione
1030 775 1120 820 loci
1153 774 1393 819 Ovidiani.
1427 773 1542 820 Sunt
1570 789 1736 820 versus
1767 789 1826 819 ex
1852 774 1972 820 Arte
1994 775 2180 820 amandi

511 872 572 924 11,
608 870 855 923 185—192,
888 886 1006 924 quos
1037 871 1114 915 hic
1145 870 1321 915 citabo:

510 967 624 1020 quid
656 967 741 1012 fuit
771 966 981 1020 asperius
1013 965 1289 1011 Nonacrina
1319 965 1579 1010 Atalanta?

663 1062 912 1107 succubuit
944 1061 1120 1107 meritis
1153 1070 1259 1106 trux
1291 1070 1445 1106 tamen
1478 1061 1555 1106 illa
1585 1061 1695 1106 viri:

511 1172 651 1211 saepe
683 1173 792 1203 suos
824 1172 958 1202 casus
990 1172 1078 1201 nec
1111 1156 1239 1201 mitia
1269 1157 1387 1201 facta
1418 1156 1602 1209 puellae

663 1254 798 1298 flesse
829 1253 917 1298 sub
949 1252 1196 1297 arboribus
1228 1252 1491 1297 Milaniona
1521 1251 1694 1303 ferunt,

512 1363 651 1402 saepe
683 1349 785 1393 tulit
817 1349 942 1393 iusso
973 1348 1153 1392 fallacia
1184 1347 1300 1392 retia
1330 1347 1465 1399 collo,

664 1458 804 1497 saepe
835 1444 934 1488 fera
963 1452 1124 1488 torvos
1155 1443 1350 1496 cuspide
1381 1442 1479 1487 fixit
1509 1457 1661 1495 apros,

511 1539 655 1584 sensit
686 1548 732 1583 et
765 1539 939 1591 Hylaei
972 1547 1245 1583 contentum
1278 1538 1463 1582 saucius
1495 1552 1683 1590 arcum;

664 1635 747 1679 sed
779 1643 935 1679 tamen
968 1635 1058 1679 hoc
1090 1649 1202 1678 arcu
1235 1634 1388 1678 notior
1419 1634 1534 1678 alter
1566 1642 1676 1677 erat.

470 1729 652 1774 Contra
688 1730 818 1783 prius
849 1738 1176 1783 argumentum
1208 1729 1316 1774 licet
1347 1729 1601 1774 observare
1632 1728 1782 1773 tribus
1814 1728 1966 1773 modis
1998 1736 2184 1781 poetam

466 1824 746 1869 adverbium
820 1825 998 1869 modo
1066 1824 1364 1877 expressisse,
1427 1824 1633 1877 primum
1697 1822 1924 1868 adverbio
1991 1823 2185 1874 modo,

467 1919 641 1964 deinde
691 1920 1023 1965 coniunctione
1073 1928 1131 1964 et
1180 1916 1269 1977 (z
1299 1916 1479 1977 etiam),
1529 1927 1820 1972 postremum
1855 1918 2186 1963 coniunctione

468 2015 667 2059 etiam.
727 2014 882 2068 Negat
935 2024 1091 2059 tamen
1147 2014 1457 2060 Housmanus
1509 2015 1625 2060 duas
1676 2029 1752 2059 res
1805 2023 1899 2059 tam
1953 2014 2186 2059 diversas:

468 2125 654 2155 amens
692 2111 911 2155 errabat
948 2119 994 2155 et
1031 2110 1239 2163 agitare
1275 2110 1419 2155 feras
1456 2135 1515 2140 -—
1545 2109 1704 2155 scribit
1734 2109 1860 2155 enim
1893 2124 1952 2154 ex
1983 2108 2187 2153 Palmeri

469 2205 776 2251 Dublinensis
834 2206 1126 2250 coniectura:
1174 2205 1285 2249 ibat
1337 2214 1383 2249 et
1435 2205 1678 2249 hirsutas
1730 2203 2038 2249 comminus
2090 2203 2186 2248 ille

469 2300 613 2346 feras
660 2326 718 2332 —
768 2301 1099 2346 coniunctione
1146 2309 1204 2345 et
1251 2309 1379 2345 recte
1420 2300 1652 2353 coniungi.
1692 2299 1777 2352 „12
1821 2299 1869 2344 in
1913 2298 2186 2352 Propertius

465 2397 548 2441 has
579 2397 659 2441 the
691 2412 819 2442 same
851 2398 1009 2441 theme
1041 2411 1091 2440 as
1125 2394 1210 2440 189
1241 2396 1333 2440 and
1369 2394 1453 2439 190
1485 2395 1533 2439 in
1561 2394 1706 2446 Ovid,
1731 2395 1811 2438 the
1835 2394 1953 2438 hard
1979 2394 2115 2438 work
2139 2393 2187 2438 ol

468 2493 547 2537 the
576 2494 716 2537 chase
744 2501 790 2537 at
818 2492 1075 2536 Atalanta’s
1103 2491 1217 2536 side.
1249 2491 1340 2536 But
1370 2491 1418 2536 in
1442 2490 1571 2535 Ovid
1594 2491 1673 2535 the
1696 2498 1790 2534 two
1806 2489 1959 2542 things
1974 2504 2054 2534 are
2071 2489 2186 2541 duly

470 2587 819 2632 discriminated
853 2602 902 2631 as
927 2586 1194 2640 happening
1219 2600 1310 2630 one
1335 2594 1379 2630 at
1403 2600 1494 2630 one
1518 2585 1643 2637 time,
1660 2585 1740 2629 the
1757 2585 1893 2629 other
1908 2592 1953 2628 at
1969 2584 2185 2636 another;

469 2690 516 2726 to
558 2683 670 2727 read
714 2681 987 2734 Propertius
1031 2696 1127 2733 you
1158 2681 1318 2725 would
1349 2680 1490 2732 fancy
1522 2679 1636 2724 both
1666 2679 1915 2732 happened
1948 2687 1993 2723 at
2023 2679 2185 2724 once”.

470 2777 797 2831 Interpretatio
837 2776 1104 2821 Housmani
1137 2785 1182 2821 et
1214 2774 1511 2826 Rothsteinii‚
1543 2774 1624 2826 qui
1666 2782 1724 2818 et
1765 2774 1891 2819 idem
1924 2788 2026 2819 esse
2057 2773 2186 2826 quod

468 2873 656 2917 etiam
689 2882 858 2926 negant
889 2873 994 2917 hius
1026 2871 1313 2917 incommodi
1345 2885 1485 2915 causa
1515 2878 1598 2914 est.

469 2968 742 3021 Antequam
775 2977 931 3013 autem
964 2968 1025 3012 de
1056 2968 1202 3012 altero
1234 2973 1508 3020 argumento
1540 2963 1807 3009 Housmani
1840 2963 2007 3016 dicam,
2039 2978 2188 3016 pauca

468 3065 538 3125 de,
559 3064 941 3117 interpretatione
969 3078 1135 3108 versus
1158 3061 1427 3107 duodecimi
1443 3060 1697 3105 observare
1723 3059 1880 3112 velim,
1904 3074 2046 3112 quam
2070 3058 2184 3104 Otto

465 3157 702 3218 (Hermes
725 3158 781 3204 23
805 3174 849 3212 p.
874 3156 959 3216 22)
986 3167 1031 3203 et
1049 3158 1250 3203 Kraffert
1274 3155 1514 3215 (Beitrfige
1530 3171 1619 3201 zur
1634 3155 1787 3200 Kritik
1804 3155 1902 3200 und
1921 3153 2185 3207 Erklarung

463 3255 618 3300 latein.
636 3255 749 3300 Aut.
766 3270 811 3308 p.
833 3251 943 3312 139)
972 3261 1331 3307 proposuerunt.
1362 3251 1477 3297 Otto
1494 3252 1560 3296 sic
1574 3250 1759 3296 scribit:
1777 3250 1870 3295 Die
1883 3249 2183 3294 zahlreichen

466 3350 652 3403 Stellen,
685 3350 866 3395 welche
909 3349 1183 3394 Lachmann
1227 3363 1339 3393 zum
1384 3347 1597 3392 Beweise
1646 3345 1784 3391 dafflr
1814 3345 2045 3396 anfiihrte‚
2077 3344 2183 3388 dass

466 3445 689 3490 videre
753 3445 874 3489 auch
941 3444 1018 3489 die
1076 3443 1354 3496 Bedeutung
1409 3457 1506 3487 von
1563 3441 1741 3487 adire
1799 3439 1954 3485 haben
2012 3439 2185 3493 konne,
