<?xml version="1.0" encoding="UTF-8"?>
<!DOCTYPE html PUBLIC "-//W3C//DTD XHTML 1.0 Transitional//EN"
    "http://www.w3.org/TR/xhtml1/DTD/xhtml1-transitional.dtd">
<html xmlns="http://www.w3.org/1999/xhtml" xml:lang="en" lang="en">
 <head>
  <title>
</title>
<meta http-equiv="Content-Type" content="text/html;charset=utf-8" />
  <meta name='ocr-system' content='tesseract 3.04.00' />
  <meta name='ocr-capabilities' content='ocr_page ocr_carea ocr_par ocr_line ocrx_word'/>
</head>
<body>
  <div class='ocr_page' id='page_1' title='image "./adpropertiicarmi00enkpuoft_0366.png"; bbox 0 0 2566 3886; ppageno 0'>
   <div class='ocr_carea' id='block_1_1' title="bbox 341 365 412 411">
    <p class='ocr_par' dir='ltr' id='par_1_1' title="bbox 341 365 412 411">
     <span class='ocr_line' id='line_1_1' title="bbox 341 365 412 411; baseline -0.014 0"><span class='ocrx_word' id='word_1_1' title='bbox 341 365 412 411; x_wconf 88' lang='lat'>42.</span> 
     </span>
    </p>
   </div>
   <div class='ocr_carea' id='block_1_2' title="bbox 342 1041 414 1087">
    <p class='ocr_par' dir='ltr' id='par_1_2' title="bbox 342 1041 414 1087">
     <span class='ocr_line' id='line_1_2' title="bbox 342 1041 414 1087; baseline -0.014 0"><span class='ocrx_word' id='word_1_2' title='bbox 342 1041 414 1087; x_wconf 87' lang='lat'>43.</span> 
     </span>
    </p>
   </div>
   <div class='ocr_carea' id='block_1_3' title="bbox 1134 233 1401 279">
    <p class='ocr_par' dir='ltr' id='par_1_3' title="bbox 1134 233 1401 279">
     <span class='ocr_line' id='line_1_3' title="bbox 1134 233 1401 279; baseline 0 0"><span class='ocrx_word' id='word_1_3' title='bbox 1134 233 1401 279; x_wconf 87' lang='lat'>—350—</span> 
     </span>
    </p>
   </div>
   <div class='ocr_carea' id='block_1_4' title="bbox 471 363 2190 705">
    <p class='ocr_par' dir='ltr' id='par_1_4' title="bbox 475 363 1276 418">
     <span class='ocr_line' id='line_1_4' title="bbox 475 363 1276 418; baseline -0.001 -9"><span class='ocrx_word' id='word_1_4' title='bbox 475 364 682 409; x_wconf 87' lang='lat' dir='ltr'>Versum</span> <span class='ocrx_word' id='word_1_5' title='bbox 715 379 823 409; x_wconf 90' lang='lat' dir='ltr'>cum</span> <span class='ocrx_word' id='word_1_6' title='bbox 857 363 1118 409; x_wconf 86' lang='lat' dir='ltr'>Passeratio</span> <span class='ocrx_word' id='word_1_7' title='bbox 1148 365 1276 418; x_wconf 90' lang='lat' dir='ltr'>lego:</span> 
     </span>
    </p>

    <p class='ocr_par' dir='ltr' id='par_1_5' title="bbox 471 457 2190 705">
     <span class='ocr_line' id='line_1_5' title="bbox 593 457 2101 518; baseline 0.003 -15"><span class='ocrx_word' id='word_1_8' title='bbox 593 458 779 504; x_wconf 91' lang='lat' dir='ltr'>mobilis</span> <span class='ocrx_word' id='word_1_9' title='bbox 824 474 852 503; x_wconf 93' lang='lat' dir='ltr'>e</span> <span class='ocrx_word' id='word_1_10' title='bbox 898 459 1109 504; x_wconf 90' lang='lat' dir='ltr'>rectis</span> <span class='ocrx_word' id='word_1_11' title='bbox 1155 457 1259 516; x_wconf 92' lang='lat' dir='ltr'>(N:</span> <span class='ocrx_word' id='word_1_12' title='bbox 1307 458 1551 518; x_wconf 92' lang='lat' dir='ltr'>erecti)</span> <span class='ocrx_word' id='word_1_13' title='bbox 1596 461 1794 506; x_wconf 76' lang='lat' dir='ltr'>fundere</span> <span class='ocrx_word' id='word_1_14' title='bbox 1825 470 1959 515; x_wconf 88' lang='lat' dir='ltr'>gaesa</span> <span class='ocrx_word' id='word_1_15' title='bbox 1989 463 2101 508; x_wconf 90' lang='lat' dir='ltr'>rotis</span> 
     </span>
     <span class='ocr_line' id='line_1_6' title="bbox 475 553 2190 608; baseline 0.001 -8"><span class='ocrx_word' id='word_1_16' title='bbox 475 554 789 600; x_wconf 90' lang='lat' dir='ltr'>Baehrensius</span> <span class='ocrx_word' id='word_1_17' title='bbox 819 569 847 599; x_wconf 86' lang='lat' dir='ltr'>a</span> <span class='ocrx_word' id='word_1_18' title='bbox 877 554 1077 599; x_wconf 91' lang='lat' dir='ltr'>lectione</span> <span class='ocrx_word' id='word_1_19' title='bbox 1110 553 1155 599; x_wconf 93' lang='grc' dir='ltr'>Ο</span> <span class='ocrx_word' id='word_1_20' title='bbox 1188 554 1381 599; x_wconf 83' lang='lat' dir='ltr'>effecti</span> <span class='ocrx_word' id='word_1_21' title='bbox 1412 555 1734 608; x_wconf 90' lang='lat' dir='ltr'>proficiscitur,</span> <span class='ocrx_word' id='word_1_22' title='bbox 1765 557 1912 600; x_wconf 87' lang='lat' dir='ltr'>unde:</span> <span class='ocrx_word' id='word_1_23' title='bbox 1950 571 1978 601; x_wconf 92' lang='lat' dir='ltr'>e</span> <span class='ocrx_word' id='word_1_24' title='bbox 2014 557 2190 602; x_wconf 88' lang='lat' dir='ltr'>vectis</span> 
     </span>
     <span class='ocr_line' id='line_1_7' title="bbox 471 648 2190 705; baseline 0.002 -11"><span class='ocrx_word' id='word_1_25' title='bbox 471 650 595 701; x_wconf 88' lang='lat' dir='ltr'>facit,</span> <span class='ocrx_word' id='word_1_26' title='bbox 642 649 770 702; x_wconf 92' lang='lat' dir='ltr'>quod</span> <span class='ocrx_word' id='word_1_27' title='bbox 817 649 856 693; x_wconf 92' lang='lat' dir='ltr'>si</span> <span class='ocrx_word' id='word_1_28' title='bbox 902 663 1070 693; x_wconf 90' lang='lat' dir='ltr'>verum</span> <span class='ocrx_word' id='word_1_29' title='bbox 1116 648 1186 701; x_wconf 89' lang='lat' dir='ltr'>sit,</span> <span class='ocrx_word' id='word_1_30' title='bbox 1234 649 1415 702; x_wconf 89' lang='lat' dir='ltr'>longius</span> <span class='ocrx_word' id='word_1_31' title='bbox 1460 658 1616 694; x_wconf 90' lang='lat' dir='ltr'>tamen</span> <span class='ocrx_word' id='word_1_32' title='bbox 1664 650 1783 695; x_wconf 92' lang='lat' dir='ltr'>absit</span> <span class='ocrx_word' id='word_1_33' title='bbox 1819 651 1878 696; x_wconf 94' lang='lat' dir='ltr'>ab</span> <span class='ocrx_word' id='word_1_34' title='bbox 1911 650 1956 696; x_wconf 93' lang='lat' dir='ltr'>O</span> <span class='ocrx_word' id='word_1_35' title='bbox 1989 667 2130 705; x_wconf 89' lang='lat' dir='ltr'>quam</span> <span class='ocrx_word' id='word_1_36' title='bbox 2162 667 2190 697; x_wconf 87' lang='lat' dir='ltr'>a</span> 
     </span>
    </p>
   </div>
   <div class='ocr_carea' id='block_1_5' title="bbox 474 743 2192 798">
    <p class='ocr_par' dir='ltr' id='par_1_6' title="bbox 474 743 2192 798">
     <span class='ocr_line' id='line_1_8' title="bbox 474 743 2192 798; baseline 0.001 -8"><span class='ocrx_word' id='word_1_37' title='bbox 474 744 803 797; x_wconf 88' lang='lat' dir='ltr'>Neapolitano.</span> <span class='ocrx_word' id='word_1_38' title='bbox 836 743 947 788; x_wconf 94' lang='lat' dir='ltr'>Hoc</span> <span class='ocrx_word' id='word_1_39' title='bbox 978 758 1169 797; x_wconf 89' lang='lat' dir='ltr'>quoque</span> <span class='ocrx_word' id='word_1_40' title='bbox 1200 745 1304 788; x_wconf 91' lang='lat' dir='ltr'>loco</span> <span class='ocrx_word' id='word_1_41' title='bbox 1337 744 1679 798; x_wconf 90' lang='lat' dir='ltr'>Neapolitanus</span> <span class='ocrx_word' id='word_1_42' title='bbox 1695 745 1887 798; x_wconf 85' lang='lat' dir='ltr'>vestigia</span> <span class='ocrx_word' id='word_1_43' title='bbox 1899 746 2000 791; x_wconf 90' lang='lat' dir='ltr'>veri</span> <span class='ocrx_word' id='word_1_44' title='bbox 2013 747 2192 798; x_wconf 90' lang='lat' dir='ltr'>optime</span> 
     </span>
    </p>
   </div>
   <div class='ocr_carea' id='block_1_6' title="bbox 478 838 942 884">
    <p class='ocr_par' dir='ltr' id='par_1_7' title="bbox 478 838 942 884">
     <span class='ocr_line' id='line_1_9' title="bbox 478 838 942 884; baseline -0.004 0"><span class='ocrx_word' id='word_1_45' title='bbox 478 840 690 884; x_wconf 91' lang='lat' dir='ltr'>omnium</span> <span class='ocrx_word' id='word_1_46' title='bbox 723 838 942 883; x_wconf 86' lang='lat' dir='ltr'>servavit.</span> 
     </span>
    </p>
   </div>
   <div class='ocr_carea' id='block_1_7' title="bbox 475 1040 2196 3375">
    <p class='ocr_par' dir='ltr' id='par_1_8' title="bbox 476 1040 1519 1095">
     <span class='ocr_line' id='line_1_10' title="bbox 476 1040 1519 1095; baseline -0.001 -8"><span class='ocrx_word' id='word_1_47' title='bbox 476 1042 541 1087; x_wconf 93' lang='lat' dir='ltr'>illi</span> <span class='ocrx_word' id='word_1_48' title='bbox 572 1041 760 1095; x_wconf 87' lang='lat' dir='ltr'>virgatis</span> <span class='ocrx_word' id='word_1_49' title='bbox 791 1041 1032 1085; x_wconf 90' lang='lat' dir='ltr'>iaculantis</span> <span class='ocrx_word' id='word_1_50' title='bbox 1063 1040 1122 1085; x_wconf 91' lang='lat' dir='ltr'>ab</span> <span class='ocrx_word' id='word_1_51' title='bbox 1153 1041 1336 1094; x_wconf 80' lang='lat' dir='ltr'><strong>agmine</strong></span> <span class='ocrx_word' id='word_1_52' title='bbox 1369 1041 1519 1086; x_wconf 89' lang='lat' dir='ltr'>bracis</span> 
     </span>
    </p>

    <p class='ocr_par' dir='ltr' id='par_1_9' title="bbox 476 1135 2196 2331">
     <span class='ocr_line' id='line_1_11' title="bbox 595 1135 1549 1190; baseline -0.001 -9"><span class='ocrx_word' id='word_1_53' title='bbox 595 1137 774 1190; x_wconf 86' lang='lat' dir='ltr'><strong>torquis</strong></span> <span class='ocrx_word' id='word_1_54' title='bbox 805 1135 864 1180; x_wconf 93' lang='lat' dir='ltr'>ab</span> <span class='ocrx_word' id='word_1_55' title='bbox 897 1135 1042 1180; x_wconf 91' lang='lat' dir='ltr'>incisa</span> <span class='ocrx_word' id='word_1_56' title='bbox 1073 1135 1247 1180; x_wconf 89' lang='lat' dir='ltr'>decidit</span> <span class='ocrx_word' id='word_1_57' title='bbox 1278 1151 1398 1180; x_wconf 91' lang='lat' dir='ltr'>unca</span> <span class='ocrx_word' id='word_1_58' title='bbox 1431 1136 1549 1190; x_wconf 88' lang='lat' dir='ltr'>gula.</span> 
     </span>
     <span class='ocr_line' id='line_1_12' title="bbox 477 1230 2195 1277; baseline 0.001 -1"><span class='ocrx_word' id='word_1_59' title='bbox 477 1231 557 1276; x_wconf 90' lang='lat' dir='ltr'>Ad</span> <span class='ocrx_word' id='word_1_60' title='bbox 574 1232 702 1276; x_wconf 91' lang='lat' dir='ltr'>hunc</span> <span class='ocrx_word' id='word_1_61' title='bbox 718 1246 909 1275; x_wconf 90' lang='lat' dir='ltr'>versum</span> <span class='ocrx_word' id='word_1_62' title='bbox 929 1230 1249 1275; x_wconf 91' lang='lat' dir='ltr'>Rothsteinius</span> <span class='ocrx_word' id='word_1_63' title='bbox 1265 1231 1406 1275; x_wconf 90' lang='lat' dir='ltr'>habet</span> <span class='ocrx_word' id='word_1_64' title='bbox 1421 1232 1541 1276; x_wconf 92' lang='lat' dir='ltr'>hanc</span> <span class='ocrx_word' id='word_1_65' title='bbox 1558 1231 1809 1276; x_wconf 82' lang='lat' dir='ltr'><strong>absurdam</strong></span> <span class='ocrx_word' id='word_1_66' title='bbox 1827 1232 2195 1277; x_wconf 80' lang='lat' dir='ltr'>adnotationem:</span> 
     </span>
     <span class='ocr_line' id='line_1_13' title="bbox 477 1325 2195 1380; baseline 0.001 -9"><span class='ocrx_word' id='word_1_67' title='bbox 477 1326 572 1379; x_wconf 87' lang='lat' dir='ltr'>„illi</span> <span class='ocrx_word' id='word_1_68' title='bbox 621 1326 789 1371; x_wconf 91' lang='lat' dir='ltr'>accidit</span> <span class='ocrx_word' id='word_1_69' title='bbox 831 1335 882 1370; x_wconf 92' lang='lat' dir='ltr'>ut</span> <span class='ocrx_word' id='word_1_70' title='bbox 918 1326 1096 1379; x_wconf 89' lang='lat' dir='ltr'>torquis</span> <span class='ocrx_word' id='word_1_71' title='bbox 1128 1325 1218 1370; x_wconf 92' lang='lat' dir='ltr'>viri</span> <span class='ocrx_word' id='word_1_72' title='bbox 1250 1325 1437 1379; x_wconf 89' lang='lat' dir='ltr'>virgatis</span> <span class='ocrx_word' id='word_1_73' title='bbox 1469 1326 1620 1371; x_wconf 90' lang='lat' dir='ltr'>bracis</span> <span class='ocrx_word' id='word_1_74' title='bbox 1651 1326 1710 1371; x_wconf 92' lang='lat' dir='ltr'>ab</span> <span class='ocrx_word' id='word_1_75' title='bbox 1741 1327 1924 1380; x_wconf 79' lang='lat' dir='ltr'>agmine</span> <span class='ocrx_word' id='word_1_76' title='bbox 1956 1327 2195 1373; x_wconf 88' lang='lat' dir='ltr'>iaculantis</span> 
     </span>
     <span class='ocr_line' id='line_1_14' title="bbox 476 1420 2196 1474; baseline 0.002 -9"><span class='ocrx_word' id='word_1_77' title='bbox 476 1421 621 1466; x_wconf 91' lang='lat' dir='ltr'>incisa</span> <span class='ocrx_word' id='word_1_78' title='bbox 650 1422 756 1474; x_wconf 86' lang='lat' dir='ltr'>gula</span> <span class='ocrx_word' id='word_1_79' title='bbox 800 1421 1054 1466; x_wconf 87' lang='lat' dir='ltr'>decideret.</span> <span class='ocrx_word' id='word_1_80' title='bbox 1087 1420 1338 1465; x_wconf 90' lang='lat' dir='ltr'>Nachdem</span> <span class='ocrx_word' id='word_1_81' title='bbox 1382 1422 1532 1466; x_wconf 89' lang='lat' dir='ltr'>durch</span> <span class='ocrx_word' id='word_1_82' title='bbox 1565 1421 1641 1466; x_wconf 89' lang='lat' dir='ltr'>ein</span> <span class='ocrx_word' id='word_1_83' title='bbox 1674 1422 1737 1466; x_wconf 90' lang='lat' dir='ltr'>im</span> <span class='ocrx_word' id='word_1_84' title='bbox 1770 1422 1914 1467; x_wconf 93' lang='lat' dir='ltr'>Dativ</span> <span class='ocrx_word' id='word_1_85' title='bbox 1946 1423 2196 1468; x_wconf 92' lang='lat' dir='ltr'>stehendes</span> 
     </span>
     <span class='ocr_line' id='line_1_15' title="bbox 477 1515 2196 1569; baseline 0.001 -9"><span class='ocrx_word' id='word_1_86' title='bbox 477 1516 748 1561; x_wconf 91' lang='lat' dir='ltr'>Pronomen</span> <span class='ocrx_word' id='word_1_87' title='bbox 795 1515 872 1560; x_wconf 92' lang='lat' dir='ltr'>die</span> <span class='ocrx_word' id='word_1_88' title='bbox 919 1515 1099 1560; x_wconf 90' lang='lat' dir='ltr'>Person</span> <span class='ocrx_word' id='word_1_89' title='bbox 1147 1515 1427 1560; x_wconf 91' lang='lat' dir='ltr'>bezeichnet</span> <span class='ocrx_word' id='word_1_90' title='bbox 1473 1516 1543 1568; x_wconf 91' lang='lat' dir='ltr'>ist,</span> <span class='ocrx_word' id='word_1_91' title='bbox 1590 1531 1687 1561; x_wconf 91' lang='lat' dir='ltr'>von</span> <span class='ocrx_word' id='word_1_92' title='bbox 1732 1517 1818 1561; x_wconf 92' lang='lat' dir='ltr'>der</span> <span class='ocrx_word' id='word_1_93' title='bbox 1849 1516 1926 1562; x_wconf 94' lang='lat' dir='ltr'>die</span> <span class='ocrx_word' id='word_1_94' title='bbox 1959 1516 2094 1562; x_wconf 91' lang='lat' dir='ltr'>Rede</span> <span class='ocrx_word' id='word_1_95' title='bbox 2124 1516 2196 1569; x_wconf 86' lang='lat' dir='ltr'>ist,</span> 
     </span>
     <span class='ocr_line' id='line_1_16' title="bbox 476 1610 2196 1664; baseline 0.001 -9"><span class='ocrx_word' id='word_1_96' title='bbox 476 1611 595 1656; x_wconf 86' lang='lat' dir='ltr'>wird</span> <span class='ocrx_word' id='word_1_97' title='bbox 643 1611 710 1655; x_wconf 91' lang='lat' dir='ltr'>sie</span> <span class='ocrx_word' id='word_1_98' title='bbox 751 1611 961 1655; x_wconf 90' lang='lat' dir='ltr'>nachher</span> <span class='ocrx_word' id='word_1_99' title='bbox 1001 1611 1125 1655; x_wconf 91' lang='lat' dir='ltr'>noch</span> <span class='ocrx_word' id='word_1_100' title='bbox 1169 1610 1340 1654; x_wconf 86' lang='lat' dir='ltr'>einmal</span> <span class='ocrx_word' id='word_1_101' title='bbox 1371 1610 1435 1654; x_wconf 94' lang='lat' dir='ltr'>im</span> <span class='ocrx_word' id='word_1_102' title='bbox 1468 1610 1675 1656; x_wconf 92' lang='lat' dir='ltr'>Genetiv</span> <span class='ocrx_word' id='word_1_103' title='bbox 1706 1611 1836 1656; x_wconf 91' lang='lat' dir='ltr'>eines</span> <span class='ocrx_word' id='word_1_104' title='bbox 1868 1611 2196 1664; x_wconf 87' lang='lat' dir='ltr'>Participiums</span> 
     </span>
     <span class='ocr_line' id='line_1_17' title="bbox 477 1705 2195 1760; baseline 0.001 -10"><span class='ocrx_word' id='word_1_105' title='bbox 477 1714 693 1760; x_wconf 88' lang='lat' dir='ltr'>genannt‚</span> <span class='ocrx_word' id='word_1_106' title='bbox 740 1720 816 1750; x_wconf 89' lang='lat' dir='ltr'>wo</span> <span class='ocrx_word' id='word_1_107' title='bbox 862 1706 983 1750; x_wconf 91' lang='lat' dir='ltr'>auch</span> <span class='ocrx_word' id='word_1_108' title='bbox 1020 1705 1096 1749; x_wconf 91' lang='lat' dir='ltr'>ein</span> <span class='ocrx_word' id='word_1_109' title='bbox 1143 1705 1243 1750; x_wconf 89' lang='lat' dir='ltr'>sich</span> <span class='ocrx_word' id='word_1_110' title='bbox 1281 1721 1339 1750; x_wconf 92' lang='lat' dir='ltr'>an</span> <span class='ocrx_word' id='word_1_111' title='bbox 1372 1706 1455 1750; x_wconf 90' lang='lat' dir='ltr'>das</span> <span class='ocrx_word' id='word_1_112' title='bbox 1487 1706 1758 1751; x_wconf 91' lang='lat' dir='ltr'>Pronomen</span> <span class='ocrx_word' id='word_1_113' title='bbox 1790 1706 2195 1752; x_wconf 89' lang='lat' dir='ltr'>anschliessender</span> 
     </span>
     <span class='ocr_line' id='line_1_18' title="bbox 478 1800 2194 1853; baseline 0 -7"><span class='ocrx_word' id='word_1_114' title='bbox 478 1802 622 1846; x_wconf 89' lang='lat' dir='ltr'>Dativ</span> <span class='ocrx_word' id='word_1_115' title='bbox 666 1802 791 1845; x_wconf 64' lang='lat' dir='ltr'>hatte</span> <span class='ocrx_word' id='word_1_116' title='bbox 836 1801 1001 1845; x_wconf 90' lang='lat' dir='ltr'>stehen</span> <span class='ocrx_word' id='word_1_117' title='bbox 1047 1801 1269 1853; x_wconf 70' lang='lat' dir='ltr'>konnem</span> <span class='ocrx_word' id='word_1_118' title='bbox 1317 1816 1369 1845; x_wconf 92' lang='lat' dir='ltr'>so</span> <span class='ocrx_word' id='word_1_119' title='bbox 1402 1800 1487 1853; x_wconf 88' lang='lat' dir='ltr'>IV,</span> <span class='ocrx_word' id='word_1_120' title='bbox 1521 1800 1562 1845; x_wconf 91' lang='lat'>7.</span> <span class='ocrx_word' id='word_1_121' title='bbox 1595 1800 1652 1845; x_wconf 88' lang='lat'>23</span> <span class='ocrx_word' id='word_1_122' title='bbox 1683 1810 1728 1845; x_wconf 95' lang='lat' dir='ltr'>at</span> <span class='ocrx_word' id='word_1_123' title='bbox 1759 1801 1874 1845; x_wconf 90' lang='lat' dir='ltr'>mihi</span> <span class='ocrx_word' id='word_1_124' title='bbox 1905 1815 2001 1846; x_wconf 92' lang='lat' dir='ltr'>non</span> <span class='ocrx_word' id='word_1_125' title='bbox 2033 1801 2194 1846; x_wconf 89' lang='lat' dir='ltr'>oculos</span> 
     </span>
     <span class='ocr_line' id='line_1_19' title="bbox 477 1895 2195 1951; baseline -0.001 -9"><span class='ocrx_word' id='word_1_126' title='bbox 477 1897 725 1951; x_wconf 87' lang='lat' dir='ltr'>quisquam</span> <span class='ocrx_word' id='word_1_127' title='bbox 771 1895 1040 1940; x_wconf 89' lang='lat' dir='ltr'>inclamavit</span> <span class='ocrx_word' id='word_1_128' title='bbox 1081 1896 1277 1940; x_wconf 90' lang='lat' dir='ltr'>euntis’&#39;.</span> <span class='ocrx_word' id='word_1_129' title='bbox 1321 1896 1460 1941; x_wconf 89' lang='lat' dir='ltr'>Tales</span> <span class='ocrx_word' id='word_1_130' title='bbox 1497 1895 1834 1947; x_wconf 89' lang='lat' dir='ltr'>adnotationes,</span> <span class='ocrx_word' id='word_1_131' title='bbox 1873 1910 1994 1948; x_wconf 89' lang='lat' dir='ltr'>quae</span> <span class='ocrx_word' id='word_1_132' title='bbox 2031 1903 2195 1940; x_wconf 88' lang='lat' dir='ltr'>contra</span> 
     </span>
     <span class='ocr_line' id='line_1_20' title="bbox 478 1989 2193 2045; baseline -0.001 -8"><span class='ocrx_word' id='word_1_133' title='bbox 478 2007 617 2037; x_wconf 89' lang='lat' dir='ltr'>sanae</span> <span class='ocrx_word' id='word_1_134' title='bbox 663 1991 772 2036; x_wconf 90' lang='lat' dir='ltr'>artis</span> <span class='ocrx_word' id='word_1_135' title='bbox 818 1999 1068 2044; x_wconf 88' lang='lat' dir='ltr'>praecepta</span> <span class='ocrx_word' id='word_1_136' title='bbox 1109 2000 1315 2045; x_wconf 76' lang='lat' dir='ltr'>pugnant</span> <span class='ocrx_word' id='word_1_137' title='bbox 1357 1991 1585 2044; x_wconf 85' lang='lat' dir='ltr'>nihilique</span> <span class='ocrx_word' id='word_1_138' title='bbox 1627 1990 1802 2036; x_wconf 75' lang='lat' dir='ltr'>faciunt</span> <span class='ocrx_word' id='word_1_139' title='bbox 1832 1989 2193 2043; x_wconf 78' lang='lat' dir='ltr'>grammaticam,</span> 
     </span>
     <span class='ocr_line' id='line_1_21' title="bbox 477 2084 2195 2141; baseline -0.001 -9"><span class='ocrx_word' id='word_1_140' title='bbox 477 2088 780 2141; x_wconf 85' lang='lat' dir='ltr'>pessumdant</span> <span class='ocrx_word' id='word_1_141' title='bbox 796 2086 1073 2140; x_wconf 78' lang='lat' dir='ltr'>philologiae</span> <span class='ocrx_word' id='word_1_142' title='bbox 1095 2087 1316 2139; x_wconf 87' lang='lat' dir='ltr'>studium,</span> <span class='ocrx_word' id='word_1_143' title='bbox 1330 2087 1553 2140; x_wconf 90' lang='lat' dir='ltr'>quoniam</span> <span class='ocrx_word' id='word_1_144' title='bbox 1570 2086 1647 2131; x_wconf 89' lang='lat' dir='ltr'>tali</span> <span class='ocrx_word' id='word_1_145' title='bbox 1665 2086 1883 2138; x_wconf 82' lang='lat' dir='ltr'>exemplo</span> <span class='ocrx_word' id='word_1_146' title='bbox 1899 2084 2195 2130; x_wconf 88' lang='lat' dir='ltr'>vitiosissima</span> 
     </span>
     <span class='ocr_line' id='line_1_22' title="bbox 477 2180 2192 2236; baseline -0.002 -8"><span class='ocrx_word' id='word_1_147' title='bbox 477 2198 695 2236; x_wconf 92' lang='lat' dir='ltr'>quaeque</span> <span class='ocrx_word' id='word_1_148' title='bbox 737 2182 926 2227; x_wconf 72' lang='lat' dir='ltr'>defendi</span> <span class='ocrx_word' id='word_1_149' title='bbox 957 2191 1098 2236; x_wconf 91' lang='lat' dir='ltr'>atque</span> <span class='ocrx_word' id='word_1_150' title='bbox 1128 2197 1240 2227; x_wconf 87' lang='lat' dir='ltr'>sana</span> <span class='ocrx_word' id='word_1_151' title='bbox 1270 2182 1433 2226; x_wconf 90' lang='lat' dir='ltr'>haberi</span> <span class='ocrx_word' id='word_1_152' title='bbox 1464 2189 1672 2234; x_wconf 91' lang='lat' dir='ltr'>possunt.</span> <span class='ocrx_word' id='word_1_153' title='bbox 1705 2180 1885 2225; x_wconf 89' lang='lat' dir='ltr'>Bonam</span> <span class='ocrx_word' id='word_1_154' title='bbox 1916 2180 2192 2225; x_wconf 89' lang='lat' dir='ltr'>sententiam</span> 
     </span>
     <span class='ocr_line' id='line_1_23' title="bbox 478 2274 2191 2331; baseline -0.002 -7"><span class='ocrx_word' id='word_1_155' title='bbox 478 2288 604 2324; x_wconf 89' lang='lat' dir='ltr'>certe</span> <span class='ocrx_word' id='word_1_156' title='bbox 642 2278 836 2331; x_wconf 89' lang='lat' dir='ltr'>praebet</span> <span class='ocrx_word' id='word_1_157' title='bbox 878 2277 1130 2331; x_wconf 90' lang='lat' dir='ltr'>ingeniosa,</span> <span class='ocrx_word' id='word_1_158' title='bbox 1162 2278 1246 2322; x_wconf 93' lang='lat' dir='ltr'>sed</span> <span class='ocrx_word' id='word_1_159' title='bbox 1279 2276 1590 2323; x_wconf 90' lang='lat' dir='ltr'>audacissima</span> <span class='ocrx_word' id='word_1_160' title='bbox 1620 2274 1868 2320; x_wconf 89' lang='lat' dir='ltr'>Schraderi</span> <span class='ocrx_word' id='word_1_161' title='bbox 1897 2275 2191 2320; x_wconf 82' lang='lat' dir='ltr'>coniectura:</span> 
     </span>
    </p>

    <p class='ocr_par' dir='ltr' id='par_1_10' title="bbox 595 2371 1648 2426">
     <span class='ocr_line' id='line_1_24' title="bbox 595 2371 1648 2426; baseline -0.003 -8"><span class='ocrx_word' id='word_1_162' title='bbox 595 2373 660 2418; x_wconf 95' lang='lat' dir='ltr'>illi</span> <span class='ocrx_word' id='word_1_163' title='bbox 691 2372 890 2426; x_wconf 84' lang='lat' dir='ltr'>virgatas</span> <span class='ocrx_word' id='word_1_164' title='bbox 920 2372 1171 2417; x_wconf 88' lang='lat' dir='ltr'>maculanti</span> <span class='ocrx_word' id='word_1_165' title='bbox 1202 2375 1426 2426; x_wconf 78' lang='lat' dir='ltr'>sanguine</span> <span class='ocrx_word' id='word_1_166' title='bbox 1457 2371 1648 2416; x_wconf 87' lang='lat' dir='ltr'>braccas</span> 
     </span>
    </p>

    <p class='ocr_par' dir='ltr' id='par_1_11' title="bbox 760 2467 1724 2520">
     <span class='ocr_line' id='line_1_25' title="bbox 760 2467 1724 2520; baseline -0.002 -8"><span class='ocrx_word' id='word_1_167' title='bbox 760 2467 940 2520; x_wconf 88' lang='lat' dir='ltr'>torquis</span> <span class='ocrx_word' id='word_1_168' title='bbox 971 2467 1030 2511; x_wconf 92' lang='lat' dir='ltr'>ab</span> <span class='ocrx_word' id='word_1_169' title='bbox 1062 2467 1207 2512; x_wconf 86' lang='lat' dir='ltr'>incisa</span> <span class='ocrx_word' id='word_1_170' title='bbox 1237 2467 1412 2512; x_wconf 91' lang='lat' dir='ltr'>decidit</span> <span class='ocrx_word' id='word_1_171' title='bbox 1442 2482 1564 2512; x_wconf 89' lang='lat' dir='ltr'>unca</span> <span class='ocrx_word' id='word_1_172' title='bbox 1592 2467 1724 2519; x_wconf 77' lang='lat' dir='ltr'>gu1a3</span> 
     </span>
    </p>

    <p class='ocr_par' dir='ltr' id='par_1_12' title="bbox 476 2558 2191 2907">
     <span class='ocr_line' id='line_1_26' title="bbox 477 2558 2190 2619; baseline -0.002 -11"><span class='ocrx_word' id='word_1_173' title='bbox 477 2564 560 2608; x_wconf 89' lang='lat' dir='ltr'>sed</span> <span class='ocrx_word' id='word_1_174' title='bbox 607 2571 734 2609; x_wconf 88' lang='lat' dir='ltr'>recte</span> <span class='ocrx_word' id='word_1_175' title='bbox 779 2562 999 2607; x_wconf 89' lang='lat' dir='ltr'>observat</span> <span class='ocrx_word' id='word_1_176' title='bbox 1036 2561 1295 2615; x_wconf 87' lang='lat' dir='ltr'>Postgatius</span> <span class='ocrx_word' id='word_1_177' title='bbox 1325 2558 1550 2619; x_wconf 75' lang='lat' dir='ltr'>(Praefat.</span> <span class='ocrx_word' id='word_1_178' title='bbox 1582 2562 1656 2606; x_wconf 93' lang='lat' dir='ltr'>ed.</span> <span class='ocrx_word' id='word_1_179' title='bbox 1688 2576 1734 2614; x_wconf 92' lang='lat' dir='ltr'>p.</span> <span class='ocrx_word' id='word_1_180' title='bbox 1765 2558 1916 2619; x_wconf 83' lang='lat' dir='ltr'>VII):</span> <span class='ocrx_word' id='word_1_181' title='bbox 1949 2559 2190 2612; x_wconf 85' lang='lat' dir='ltr'>„nondum</span> 
     </span>
     <span class='ocr_line' id='line_1_27' title="bbox 476 2654 2191 2724; baseline -0.003 -20"><span class='ocrx_word' id='word_1_182' title='bbox 476 2660 622 2724; x_wconf 67' lang='lat' dir='ltr'>incisa</span> <span class='ocrx_word' id='word_1_183' title='bbox 667 2659 772 2712; x_wconf 90' lang='lat' dir='ltr'>gula</span> <span class='ocrx_word' id='word_1_184' title='bbox 812 2658 980 2702; x_wconf 89' lang='lat' dir='ltr'>bracae</span> <span class='ocrx_word' id='word_1_185' title='bbox 1010 2656 1234 2710; x_wconf 85' lang='lat' dir='ltr'>sanguine</span> <span class='ocrx_word' id='word_1_186' title='bbox 1266 2656 1488 2701; x_wconf 87' lang='lat' dir='ltr'>maculari</span> <span class='ocrx_word' id='word_1_187' title='bbox 1519 2664 1818 2709; x_wconf 89' lang='lat' dir='ltr'>praepostere</span> <span class='ocrx_word' id='word_1_188' title='bbox 1850 2654 2113 2700; x_wconf 86' lang='lat' dir='ltr'>dicuntur&#39;&#39;.</span> <span class='ocrx_word' id='word_1_189' title='bbox 2146 2654 2191 2698; x_wconf 91' lang='lat' dir='ltr'>ls</span> 
     </span>
     <span class='ocr_line' id='line_1_28' title="bbox 479 2750 1720 2806; baseline -0.003 -7"><span class='ocrx_word' id='word_1_190' title='bbox 479 2754 785 2799; x_wconf 90' lang='lat' dir='ltr'>Lachmanno</span> <span class='ocrx_word' id='word_1_191' title='bbox 816 2753 941 2797; x_wconf 92' lang='lat' dir='ltr'>viam</span> <span class='ocrx_word' id='word_1_192' title='bbox 972 2760 1228 2806; x_wconf 89' lang='lat' dir='ltr'>praeeunte</span> <span class='ocrx_word' id='word_1_193' title='bbox 1259 2752 1415 2796; x_wconf 92' lang='lat' dir='ltr'>locum</span> <span class='ocrx_word' id='word_1_194' title='bbox 1448 2751 1514 2795; x_wconf 93' lang='lat' dir='ltr'>sic</span> <span class='ocrx_word' id='word_1_195' title='bbox 1545 2750 1720 2795; x_wconf 82' lang='lat' dir='ltr'>edidit:</span> 
     </span>
     <span class='ocr_line' id='line_1_29' title="bbox 477 2846 1699 2907; baseline -0.003 -13"><span class='ocrx_word' id='word_1_196' title='bbox 477 2849 542 2894; x_wconf 91' lang='lat' dir='ltr'>illi</span> <span class='ocrx_word' id='word_1_197' title='bbox 573 2846 678 2907; x_wconf 92' lang='lat' dir='ltr'>(ut)</span> <span class='ocrx_word' id='word_1_198' title='bbox 709 2848 896 2901; x_wconf 85' lang='lat' dir='ltr'>virgatis</span> <span class='ocrx_word' id='word_1_199' title='bbox 928 2848 1134 2893; x_wconf 90' lang='lat' dir='ltr'>iaculans</span> <span class='ocrx_word' id='word_1_200' title='bbox 1164 2847 1199 2892; x_wconf 93' lang='lat' dir='ltr'>it</span> <span class='ocrx_word' id='word_1_201' title='bbox 1229 2847 1288 2892; x_wconf 86' lang='lat' dir='ltr'>ab</span> <span class='ocrx_word' id='word_1_202' title='bbox 1319 2846 1503 2900; x_wconf 87' lang='lat' dir='ltr'>agmine</span> <span class='ocrx_word' id='word_1_203' title='bbox 1534 2846 1699 2898; x_wconf 88' lang='lat' dir='ltr'>bracis,</span> 
     </span>
    </p>

    <p class='ocr_par' dir='ltr' id='par_1_13' title="bbox 475 2941 2191 3188">
     <span class='ocr_line' id='line_1_30' title="bbox 595 2941 1546 2997; baseline -0.004 -8"><span class='ocrx_word' id='word_1_204' title='bbox 595 2944 775 2997; x_wconf 89' lang='lat' dir='ltr'>torquis</span> <span class='ocrx_word' id='word_1_205' title='bbox 805 2943 864 2988; x_wconf 88' lang='lat' dir='ltr'>ab</span> <span class='ocrx_word' id='word_1_206' title='bbox 896 2942 1042 2988; x_wconf 85' lang='lat' dir='ltr'>incisa</span> <span class='ocrx_word' id='word_1_207' title='bbox 1071 2942 1247 2987; x_wconf 92' lang='lat' dir='ltr'>decidit</span> <span class='ocrx_word' id='word_1_208' title='bbox 1276 2956 1398 2986; x_wconf 91' lang='lat' dir='ltr'>unca</span> <span class='ocrx_word' id='word_1_209' title='bbox 1428 2941 1546 2994; x_wconf 85' lang='lat' dir='ltr'>gula,</span> 
     </span>
     <span class='ocr_line' id='line_1_31' title="bbox 478 3031 2191 3092; baseline -0.004 -7"><span class='ocrx_word' id='word_1_210' title='bbox 478 3038 571 3085; x_wconf 93' lang='lat' dir='ltr'>Sed</span> <span class='ocrx_word' id='word_1_211' title='bbox 631 3039 771 3084; x_wconf 89' lang='lat' dir='ltr'>etiam</span> <span class='ocrx_word' id='word_1_212' title='bbox 833 3037 985 3082; x_wconf 90' lang='lat' dir='ltr'>lenior</span> <span class='ocrx_word' id='word_1_213' title='bbox 1044 3035 1311 3081; x_wconf 92' lang='lat' dir='ltr'>emendatio</span> <span class='ocrx_word' id='word_1_214' title='bbox 1374 3034 1606 3080; x_wconf 86' lang='lat' dir='ltr'>Kraffertii</span> <span class='ocrx_word' id='word_1_215' title='bbox 1663 3032 1903 3092; x_wconf 71' lang='lat' dir='ltr'>(Beitrfige</span> <span class='ocrx_word' id='word_1_216' title='bbox 1958 3048 2003 3087; x_wconf 93' lang='lat' dir='ltr'>p.</span> <span class='ocrx_word' id='word_1_217' title='bbox 2052 3031 2191 3092; x_wconf 87' lang='lat'>148):</span> 
     </span>
     <span class='ocr_line' id='line_1_32' title="bbox 475 3128 1592 3188; baseline -0.005 -9"><span class='ocrx_word' id='word_1_218' title='bbox 475 3134 541 3179; x_wconf 92' lang='lat' dir='ltr'>illi</span> <span class='ocrx_word' id='word_1_219' title='bbox 571 3133 759 3187; x_wconf 85' lang='lat' dir='ltr'>virgatis</span> <span class='ocrx_word' id='word_1_220' title='bbox 789 3131 1007 3178; x_wconf 89' lang='lat' dir='ltr'>iaculanti</span> <span class='ocrx_word' id='word_1_221' title='bbox 1037 3128 1198 3188; x_wconf 91' lang='lat' dir='ltr'>(ante)</span> <span class='ocrx_word' id='word_1_222' title='bbox 1228 3130 1411 3183; x_wconf 87' lang='lat' dir='ltr'>agmina</span> <span class='ocrx_word' id='word_1_223' title='bbox 1441 3129 1592 3174; x_wconf 85' lang='lat' dir='ltr'>bracis</span> 
     </span>
    </p>

    <p class='ocr_par' dir='ltr' id='par_1_14' title="bbox 478 3225 2192 3375">
     <span class='ocr_line' id='line_1_33' title="bbox 594 3225 1544 3282; baseline -0.005 -8"><span class='ocrx_word' id='word_1_224' title='bbox 594 3229 773 3282; x_wconf 92' lang='lat' dir='ltr'>torquis</span> <span class='ocrx_word' id='word_1_225' title='bbox 804 3228 863 3272; x_wconf 92' lang='lat' dir='ltr'>ab</span> <span class='ocrx_word' id='word_1_226' title='bbox 894 3227 1039 3271; x_wconf 90' lang='lat' dir='ltr'>incisa</span> <span class='ocrx_word' id='word_1_227' title='bbox 1070 3225 1244 3271; x_wconf 86' lang='lat' dir='ltr'>decidit</span> <span class='ocrx_word' id='word_1_228' title='bbox 1275 3239 1396 3270; x_wconf 91' lang='lat' dir='ltr'>unca</span> <span class='ocrx_word' id='word_1_229' title='bbox 1426 3225 1544 3277; x_wconf 88' lang='lat' dir='ltr'>gula.</span> 
     </span>
     <span class='ocr_line' id='line_1_34' title="bbox 478 3319 2192 3375; baseline -0.004 -6"><span class='ocrx_word' id='word_1_230' title='bbox 478 3324 735 3375; x_wconf 90' lang='lat' dir='ltr'>Quomodo</span> <span class='ocrx_word' id='word_1_231' title='bbox 796 3321 1061 3374; x_wconf 89' lang='lat' dir='ltr'>corruptela</span> <span class='ocrx_word' id='word_1_232' title='bbox 1120 3319 1369 3373; x_wconf 88' lang='lat' dir='ltr'>inrepserit</span> <span class='ocrx_word' id='word_1_233' title='bbox 1429 3327 1648 3372; x_wconf 90' lang='lat' dir='ltr'>apparet;</span> <span class='ocrx_word' id='word_1_234' title='bbox 1709 3333 1818 3364; x_wconf 92' lang='lat' dir='ltr'>cum</span> <span class='ocrx_word' id='word_1_235' title='bbox 1880 3333 1907 3363; x_wconf 88' lang='lat' dir='ltr'>a</span> <span class='ocrx_word' id='word_1_236' title='bbox 1922 3334 1954 3363; x_wconf 90' lang='lat' dir='ltr'>n</span> <span class='ocrx_word' id='word_1_237' title='bbox 1971 3326 1989 3363; x_wconf 97' lang='lat' dir='ltr'>t</span> <span class='ocrx_word' id='word_1_238' title='bbox 2003 3333 2031 3363; x_wconf 93' lang='lat' dir='ltr'>e</span> <span class='ocrx_word' id='word_1_239' title='bbox 2087 3326 2192 3370; x_wconf 86' lang='lat' dir='ltr'>post</span> 
     </span>
    </p>
   </div>
   <div class='ocr_carea' id='block_1_8' title="bbox 476 3412 2191 3466">
    <p class='ocr_par' dir='ltr' id='par_1_15' title="bbox 476 3412 2191 3466">
     <span class='ocr_line' id='line_1_35' title="bbox 476 3412 2191 3466; baseline -0.003 -2"><span class='ocrx_word' id='word_1_240' title='bbox 476 3418 598 3463; x_wconf 89' lang='lat' dir='ltr'>iacul</span> <span class='ocrx_word' id='word_1_241' title='bbox 614 3433 642 3463; x_wconf 89' lang='lat' dir='ltr'>a</span> <span class='ocrx_word' id='word_1_242' title='bbox 658 3433 690 3462; x_wconf 89' lang='lat' dir='ltr'>n</span> <span class='ocrx_word' id='word_1_243' title='bbox 705 3417 754 3462; x_wconf 93' lang='lat' dir='ltr'>ti</span> <span class='ocrx_word' id='word_1_244' title='bbox 786 3415 1048 3466; x_wconf 83' lang='lat' dir='ltr'>excidisset,</span> <span class='ocrx_word' id='word_1_245' title='bbox 1079 3428 1245 3459; x_wconf 87' lang='lat' dir='ltr'>versus</span> <span class='ocrx_word' id='word_1_246' title='bbox 1275 3429 1303 3459; x_wconf 90' lang='lat' dir='ltr'>e</span> <span class='ocrx_word' id='word_1_247' title='bbox 1334 3413 1603 3459; x_wconf 89' lang='lat' dir='ltr'>coniectura</span> <span class='ocrx_word' id='word_1_248' title='bbox 1618 3412 1864 3458; x_wconf 68' lang='lat' dir='ltr'>infeliciter</span> <span class='ocrx_word' id='word_1_249' title='bbox 1879 3413 2092 3466; x_wconf 85' lang='lat' dir='ltr'>expletus</span> <span class='ocrx_word' id='word_1_250' title='bbox 2107 3420 2191 3458; x_wconf 77' lang='lat' dir='ltr'>est.</span> 
     </span>
    </p>
   </div>
  </div>
 </body>
</html>
