2566 3886
1111 261 1378 306 —202-

454 391 652 436 Sacra
689 392 765 436 hic
797 391 911 436 nihil
942 391 1068 436 aliud
1101 406 1204 436 esse
1235 391 1323 436 nisi
1356 407 1403 435 m
1421 406 1492 436 an
1510 406 1536 436 e
1554 407 1575 436 s
1608 391 1933 437 Broukhusius
1952 391 2169 445 putabat;

454 487 537 531 sed
569 487 660 532 loci
691 487 750 531 ab
783 501 840 531 eo
872 487 994 531 allati
1026 486 1170 540 Verg.
1203 486 1327 530 Aen.
1362 486 1422 538 11,
1455 485 1565 539 293;

573 581 713 626 Sacra
743 597 947 635 suosque
979 582 1061 626 tibi
1093 581 1392 626 commendat
1423 580 1567 626 Troia
1598 581 1797 634 penatis;

573 678 659 722 hos
690 693 805 730 cape
836 678 1038 723 fatorum
1071 677 1266 722 comites

573 773 658 817 IV.
692 772 778 817 50:

573 867 649 912 Tu
679 869 821 912 modo
850 883 991 920 posce
1018 868 1132 912 deos
1161 867 1363 919 veniam,
1394 867 1631 920 sacrisque
1660 867 1796 912 litatis

575 963 764 1016 indulge
795 962 997 1014 hospitio

456 1057 571 1102 nihil
603 1058 938 1109 demonstrant,
971 1066 1016 1102 et
1047 1072 1074 1101 a
1105 1066 1265 1102 nostro
1296 1058 1400 1102 loco
1433 1058 1571 1102 alieni
1602 1066 1723 1103 sunt.

455 1151 822 1205 Supersederem
855 1154 976 1197 hanc
1008 1153 1365 1205 explicationem
1398 1153 1554 1204 citare,
1586 1153 1674 1197 nisi
1705 1153 1748 1198 J.
1776 1152 1975 1207 Woltier
1990 1161 2173 1198 nostras

457 1247 504 1291 in
547 1256 711 1299 quarta
754 1247 959 1292 editione
1005 1245 1138 1305 (ann.
1187 1244 1454 1305 MCMIX)
1498 1247 1879 1299 praestantissimi
1926 1247 2047 1300 libri,
2095 1247 2172 1293 cui

456 1342 615 1386 titulus
639 1341 670 1386 S
686 1357 712 1386 e
726 1350 808 1386 rta
841 1342 884 1386 R
900 1357 929 1386 o
943 1357 1028 1386 ma
1042 1358 1072 1386 n
1087 1358 1114 1386 a
1138 1339 1209 1399 (p.
1230 1339 1341 1399 112)
1358 1342 1644 1386 Broukhusii
1661 1342 1931 1395 opinionem
1954 1342 2171 1396 quamvis

457 1436 726 1481 dubitanter
747 1435 787 1494 1)
819 1437 1073 1489 probasset.
1108 1436 1291 1481 Eodem
1323 1437 1444 1481 redit
1476 1436 1693 1490 Postgatii
1725 1437 1961 1482 annotatio
1993 1434 2173 1495 (Select

458 1531 640 1584 Elegies
688 1546 732 1584 p.
767 1529 893 1589 146),
940 1547 1061 1585 quae
1104 1524 1346 1576 contendit
1376 1547 1547 1576 sacra
1577 1532 1653 1576 hic
1685 1531 1943 1585 significare
1977 1533 2170 1584 „sacred

456 1626 675 1679 reliques,
708 1627 1034 1671 disembodied
1066 1627 1240 1680 spirit”.
1273 1625 1399 1671 Talis
1431 1642 1542 1672 usus
1574 1627 1792 1672 desidero
1823 1628 2052 1681 exempla.

458 1721 582 1773 Fuit,
614 1737 723 1766 cum
770 1722 1014 1766 crederem
1062 1737 1237 1766 sacra
1268 1731 1427 1766 nostro
1458 1723 1563 1767 loco
1594 1722 1710 1766 nihil
1741 1737 1843 1767 esse
1875 1722 1963 1767 nisi
1994 1723 2172 1768 simu-

458 1817 691 1861 lacrum
746 1816 1052 1869 Philetae,
1106 1818 1234 1870 quod
1287 1817 1335 1861 in
1388 1817 1488 1861 eius
1542 1832 1737 1862 nemore
1783 1817 1986 1870 positum
2032 1826 2171 1863 esset.

456 1910 776 1956 Conferebam
810 1912 936 1956 enim
970 1911 1064 1957 Ov.
1097 1921 1269 1957 metam
1302 1912 1356 1956 X.
1388 1911 1504 1957 696:

576 2006 716 2051 sacra
746 2016 1036 2052 retorserunt
1067 2008 1229 2052 OCUIOS

456 2108 580 2153 Fast.
612 2108 699 2152 VI.
726 2107 842 2153 449:
874 2109 1028 2153 haurit
1059 2124 1202 2162 aquas
1233 2109 1496 2162 tollensque
1527 2123 1694 2153 manus
1719 2107 2008 2161 „Ignoscite”
2041 2107 2170 2152 dixit.

939 2203 1128 2256 „sacral
1161 2204 1235 2248 vir
1265 2203 1448 2248 intrabo
1480 2219 1575 2248 non
1607 2204 1825 2248 adeunda
1859 2204 2007 2248 viro''.

457 2298 603 2343 Nunc
635 2308 791 2344 tamen
823 2299 992 2344 eodem
1025 2300 1168 2343 modo
1199 2307 1339 2351 atque
1373 2294 1692 2344 Rothsteinius
1724 2299 2019 2352 interpretor.

324 2489 365 2534 3.
384 2489 411 2533 4
443 2489 631 2534 Primus
662 2498 748 2543 ego
780 2488 1015 2542 ingredior
1046 2504 1166 2542 puro
1198 2489 1258 2533 de
1288 2488 1418 2533 fonte
1450 2489 1668 2533 sacerdos

578 2585 691 2629 Itala
722 2599 807 2636 per
838 2583 1010 2629 Graios
1042 2584 1169 2637 orgia
1199 2585 1322 2628 ferre
1354 2584 1539 2628 choros.

458 2679 778 2724 Rothsteinius
833 2679 1148 2732 Hertzbergio
1201 2679 1452 2723 obsecutus
1507 2679 1655 2723 verba
1706 2679 1917 2723 ordinat:
1966 2679 2171 2731 „ducere

458 2774 628 2819 Graios
659 2775 828 2819 choros
860 2790 945 2827 per
978 2774 1091 2819 Itala
1135 2774 1305 2827 orgia'’,
1353 2775 1481 2826 quod
1528 2773 1814 2819 Germanice
1859 2773 2023 2818 vertit:
2067 2773 2173 2826 „bei

457 2869 589 2914 einer
621 2868 907 2913 Romischen
940 2868 1082 2913 Feier
1113 2869 1252 2913 einen
1284 2869 1607 2922 griechischen
1641 2869 1819 2922 Reigen
1852 2868 2066 2914 fiihren”.

457 2963 591 3008 Haec
637 2963 881 3016 explicatio
928 2963 1043 3008 mihi
1090 2979 1185 3008 non
1218 2964 1383 3016 placet,
1415 2979 1524 3008 nam
1555 2963 1737 3008 ferre
1780 2964 2009 3008 choros
2041 2963 2168 3008 idem

457 3073 560 3103 esse
613 3067 753 3111 atque
806 3060 1006 3103 choro
1025 3074 1046 3103 s
1091 3059 1340 3112 {ducere
1392 3059 1585 3103 credere
1633 3073 1728 3103 non
1775 3073 1980 3110 possum.
2028 3058 2172 3109 Quod

460 3152 730 3206 Hertzberg
761 3161 806 3197 et
840 3153 1086 3198 Rothstein
1114 3154 1259 3198 citant
1290 3151 1399 3197 Stat.
1431 3153 1532 3198 silv.
1567 3153 1628 3198 II.
1663 3153 1703 3198 7.
1737 3152 1791 3197 21

1068 3248 1238 3299 favete,
1270 3263 1445 3300 musae,

459 3343 573 3387 dum
605 3343 686 3396 qui
717 3358 803 3387 vos
834 3343 1041 3396 geminas
1072 3343 1174 3387 tulit
1205 3358 1290 3396 per
1329 3352 1449 3387 artes

376 3448 401 3494 ¹)
451 3451 559 3492 „Met
585 3463 721 3486 sacra
747 3452 912 3492 nchiinen
936 3452 1017 3486 hier
1042 3454 1087 3486 de
1114 3452 1282 3486 Manes
1308 3452 1464 3486 bedoeld
1493 3459 1529 3485 te
1556 3451 1666 3492 ziin’'.
