2566 3886
318 1552 387 1599 13.

322 3076 391 3123 19.

1109 282 1374 328 -232-

450 414 710 458 schrecken
742 413 859 458 oder
876 413 959 457 das
976 412 1081 457 Bild
1099 413 1229 458 eines
1247 413 1514 459 Mfidchens
1530 413 1597 458 sie
1614 413 1662 458 in
1680 413 1884 460 Unruhe
1908 417 2167 461 versetzt'’:

450 508 548 552 Das
594 508 651 552 ist
697 506 931 560 Wirkung
976 508 1074 552 und
1123 507 1295 553 Grund
1338 508 1385 552 in
1417 509 1808 562 zweckmassiger
1838 510 2167 565 Verbindung.

448 603 546 647 Das
593 611 716 647 erste
762 602 1002 655 Verspaar
1047 602 1161 647 aber
1195 602 1264 647 11.
1299 602 1353 647 12
1388 603 1493 655 „ein
1526 603 1681 656 Weib,
1714 605 1797 649 das
1829 604 1914 650 mit
1943 606 2168 651 rasender

449 697 614 751 Zunge
646 695 952 742 Scheltworte
983 702 1204 743 ausstosst
1236 699 1353 743 oder
1383 713 1471 743 vor
1498 698 1666 743 Venus
1683 698 1867 743 Fiissen
1884 699 1984 744 sich
2000 700 2167 744 wiilzt'’

449 793 668 838 zeichnet
713 792 790 837 ein
838 792 1111 844 Gebahren,
1159 793 1328 837 dessen
1359 793 1533 838 Anlass
1566 793 1654 837 wir
1684 793 1813 838 nicht
1846 794 2007 839 sehen.
2045 794 2170 839 Hier

450 888 547 933 also
577 887 698 932 wird
730 887 806 932 ein
840 886 1087 932 Distichon
1120 887 1380 932 vermisst'’.

450 983 506 1028 In
524 984 611 1028 hac
628 982 850 1036 opinione
867 998 976 1027 cum
994 983 1098 1027 viro
1115 983 1356 1035 praeclaro
1374 992 1494 1028 stare
1512 998 1607 1028 non
1625 998 1831 1036 possum:
1849 999 1931 1029 sex
1948 984 2167 1037 exempla

450 1079 529 1123 dat
559 1086 699 1132 poeta
729 1078 970 1130 quomodo
1001 1077 1175 1123 femina
1206 1093 1367 1123 amans
1398 1092 1449 1123 se
1480 1086 1632 1131 gerat:
1664 1086 1743 1123 aut
1774 1078 1952 1124 rixatur
1967 1086 2046 1124 aut
2061 1087 2169 1124 ante

450 1173 634 1227 signum
651 1173 857 1219 Veneris
888 1173 1169 1226 procumbit,
1201 1182 1279 1218 aut
1310 1173 1627 1218 ambulantem
1659 1173 1815 1218 virum
1847 1173 2062 1226 custodit,
2091 1182 2170 1220 aut

448 1284 558 1314 eum
604 1268 829 1322 sequitur,
861 1277 940 1313 aut
978 1268 1171 1314 somniis
1203 1277 1414 1320 vexatur,
1447 1277 1526 1313 aut
1557 1268 1728 1314 amoris
1759 1268 1891 1314 timet
1922 1269 2167 1314 aemulam.

450 1363 524 1408 Ex
584 1363 713 1409 hisce
775 1372 981 1416 apparet,
1043 1363 1212 1409 iniuria
1258 1363 1511 1417 quicquam
1558 1378 1585 1408 a
1630 1363 1851 1409 Vahleno
1897 1363 2167 1410 desiderari.

449 1553 631 1599 Versus
651 1552 705 1599 13
722 1553 781 1599 ab
798 1553 1056 1599 editoribus
1073 1553 1261 1599 diverse
1277 1553 1509 1606 scribitur;
1518 1553 1564 1598 in
1574 1553 1899 1608 manuscriptis
1906 1554 1972 1599 sic
1983 1554 2167 1607 legitur:

451 1648 702 1693 custodum
749 1646 1046 1705 (custodemz
1097 1645 1280 1705 DVL.)
1311 1648 1526 1702 gregibus
1558 1647 1682 1693 circa
1713 1663 1763 1693 se
1795 1648 1931 1701 stipat
1962 1656 2167 1694 euntem.

455 1742 591 1788 Haec
609 1743 811 1796 Paleyus
828 1743 894 1788 sic
911 1743 1242 1795 interpretatur
1259 1758 1270 1787 ε
1289 1744 1460 1795 „when
1483 1758 1510 1788 a
1526 1758 1713 1788 women
1731 1758 1928 1796 appears
1943 1744 1992 1788 in
2009 1743 2168 1796 public

447 1838 562 1883 with
594 1853 646 1883 so
678 1853 816 1883 mane
848 1838 1123 1889 attendants,
1155 1839 1255 1883 that
1284 1839 1345 1883 he
1377 1846 1548 1883 cannot
1578 1839 1700 1884 have
1731 1853 1889 1884 access
1921 1847 1967 1884 to
1998 1839 2127 1884 her'&

451 1933 595 1985 Quod
640 1941 796 1978 tamen
843 1948 939 1978 non
986 1934 1163 1987 placen
1212 1948 1320 1978 nam
1354 1934 1501 1979 multo
1538 1942 1645 1979 ante
1676 1933 1881 1979 Jacobus
1913 1933 2169 1979 rectissime

452 2028 725 2081 scripserat:
758 2043 909 2082 „quae
941 2044 991 2074 se
1022 2029 1295 2074 custodibus
1317 2029 1466 2083 stipat,
1484 2044 1540 2075 ea
1558 2038 1637 2074 aut
1653 2029 1879 2083 fragilitati
1897 2044 2008 2075 suae
2024 2029 2168 2082 timet,

451 2125 580 2179 quod
627 2124 686 2169 ab
732 2125 819 2169 hac
867 2124 1181 2177 descriptione
1228 2125 1484 2171 abhorrere
1528 2125 1741 2177 dicimus,
1787 2133 1866 2170 aut
1903 2125 2169 2171 difficultate

450 2234 664 2265 accessus
711 2219 904 2264 incitare
950 2234 1161 2265 amorem
1210 2220 1353 2274 magis
1391 2220 1559 2271 studet,
1591 2221 1719 2274 quod
1751 2220 1944 2274 propius
1975 2220 2167 2274 quidem

450 2315 509 2359 ad
554 2322 760 2359 nostram
798 2329 899 2359 rem
933 2314 1147 2368 pertinet,
1179 2316 1262 2360 sed
1295 2331 1390 2360 non
1423 2315 1617 2360 omnino
1648 2314 1878 2360 satisfacit.
1913 2314 2009 2359 Hic
2041 2314 2167 2360 enim

452 2409 681 2456 habemus
728 2425 823 2455 non
870 2418 992 2455 artes
1039 2410 1327 2456 meretricias
1374 2411 1634 2462 callentem,
1681 2410 1765 2455 sed
1812 2409 2083 2455 iracundam
2121 2418 2168 2455 et

450 2505 686 2551 furentem
741 2505 913 2550 amoris
960 2505 1183 2550 stimulis:
1236 2521 1292 2550 ea
1338 2505 1594 2558 suspiciosa
1639 2505 1779 2558 cingit
1825 2505 1978 2558 potius
2024 2520 2166 2558 quem

451 2609 575 2646 amat
604 2597 849 2658 (euntem)
880 2600 1166 2653 custodibuS,
1183 2616 1244 2646 ne
1260 2616 1362 2646 sese
1377 2600 1558 2646 fallat”!
1576 2601 1762 2652 Quibus
1779 2602 2008 2646 adductus
2024 2601 2168 2646 credo

452 2710 644 2741 versum
676 2695 742 2740 sic
773 2694 1076 2740 scribendum
1109 2710 1238 2741 esse:

450 2791 699 2836 custodum
731 2790 947 2844 gregibus
977 2790 1101 2836 circa
1132 2805 1215 2836 seu
1248 2791 1384 2844 stipat
1418 2799 1608 2837 euntem

451 2886 721 2932 coniectura
766 2901 878 2932 usus
910 2886 1217 2932 Lachmanni.

453 3091 548 3123 non
580 3085 650 3122 est
681 3085 808 3122 certa
838 3076 954 3122 fides
985 3091 1127 3130 quam
1159 3091 1255 3122 non
1287 3077 1334 3122 in
1367 3076 1514 3131 iurgia
1544 3085 1713 3122 versat.

455 3171 549 3217 Pro
579 3171 831 3225 iniurgia,
863 3172 992 3225 quod
1024 3170 1074 3216 N
1107 3172 1228 3225 legit,
1245 3171 1419 3217 habent
1447 3172 1587 3217 LDV
1615 3171 1841 3224 iniuria;
1873 3186 1959 3225 pro
1987 3179 2168 3216 vertat

455 3266 496 3311 F
527 3266 668 3312 habet
699 3275 917 3312 vertat.
952 3267 1204 3320 Postquam
1236 3265 1540 3325 Vahlenus1)
1563 3267 1838 3312 monstravit
1870 3266 1931 3311 in
1963 3265 2166 3319 iurgia

455 3371 641 3408 vertas
672 3363 922 3416 legendum
954 3377 1071 3414 esse,
1104 3377 1199 3407 non
1223 3377 1342 3415 opus
1359 3370 1428 3408 est
1442 3362 1592 3408 fusius
1608 3363 1668 3407 de
1685 3363 1775 3407 hoc
1792 3362 1896 3406 loco
1912 3361 2164 3413 disputare.

373 3468 397 3514 ¹)
446 3471 523 3506 lnd.
549 3472 634 3507 lect.
660 3472 772 3508 Univ.
800 3472 883 3508 Ber.
909 3479 1000 3507 aest.
1028 3471 1137 3514 1881;
1164 3472 1209 3507 cf.
1237 3471 1443 3513 Heu-mm,
1467 3471 1595 3507 Journ.
1620 3471 1663 3507 of
1684 3471 1815 3507 philol.
1841 3471 1946 3512 XXI,
1970 3482 2004 3512 p.
2033 3470 2110 3505 11⁶.
