2566 3886
1129 268 1395 313 -117—

331 397 402 444 49.
463 398 635 444 lucet
678 398 889 443 defendit
931 398 990 444 C.
1023 398 1200 444 Brandt
1229 396 1449 457 (Quaest.
1482 399 1624 452 Prop.
1656 415 1702 453 p.
1737 398 1847 459 15):
1890 401 2185 455 „noluerunt,

329 1348 400 1394 53.

464 493 629 546 inquit,
661 493 750 538 viri
782 494 907 539 docti
941 493 1082 539 Sexto
1113 509 1286 539 novam
1318 503 1364 539 et
1394 495 1639 547 pulchram
1666 495 1991 549 cogitationem
2020 511 2186 542 conce-

463 588 592 640 dere,
624 589 875 634 noluerunt
906 604 1016 634 eum
1048 589 1192 634 vitam
1221 589 1330 641 diei,
1356 598 1555 634 mortem
1582 590 1708 635 nocti
1729 604 2003 643 comparare
2018 590 2059 636 !''
2091 590 2184 637 Sed

463 683 707 728 verissime
743 684 962 729 observat
994 683 1302 729 Housmanus
1333 682 1478 742 (JPh.
1509 684 1672 738 XXII,
1704 700 1749 738 p.
1781 683 1891 743 93):
1924 685 2058 738 „The
2090 702 2184 733 me-

465 780 630 832 taphor
661 779 716 824 of
740 780 799 825 lu
813 788 907 824 cet
938 779 976 824 is
1005 779 1203 832 poetical
1235 787 1283 824 to
1316 794 1343 824 a
1374 780 1573 824 modern
1606 788 1720 825 taste
1765 780 1848 825 but
1883 782 2050 834 hardly
2081 798 2184 836 pos·

464 874 580 919 sible
620 874 668 919 in
709 890 736 919 a
779 874 916 920 Latin
959 874 1120 919 writer
1161 875 1319 919 unless
1357 876 1490 920 there
1537 875 1620 919 has
1651 876 1888 927 preceded
1922 876 2185 930 something

464 969 649 1023 leading
679 984 743 1022 up
774 978 822 1015 to
853 970 930 1014 it.”

464 1064 647 1110 Verum
679 1064 794 1109 mihi
825 1064 998 1110 vidisse
1030 1064 1218 1109 videtur
1249 1064 1305 1109 L.
1338 1064 1630 1110 Muellerus:

614 1168 664 1205 tu
696 1160 854 1212 modo,
885 1160 999 1205 dum
1031 1159 1152 1211 licet,
1184 1174 1213 1204 o
1243 1159 1449 1205 fructum
1482 1175 1542 1205 ne
1574 1160 1742 1204 desere
1773 1159 1910 1205 vitae.

463 1349 679 1403 Scaligeri
703 1349 1083 1395 emendationem
1113 1349 1420 1402 spiramus
1449 1349 1618 1395 iniuria
1642 1351 1819 1403 sprevit
1848 1350 2181 1397 Phillimorius.

462 1444 643 1489 Vitium
686 1444 807 1489 redit
839 1444 876 1496 I,
908 1443 949 1496 3,
982 1443 1023 1495 7,
1055 1444 1115 1488 de
1146 1459 1243 1496 quo
1274 1444 1379 1488 loco
1409 1444 1469 1488 cf.
1502 1444 1699 1490 Birtium
1743 1442 1998 1503 (RhMPh.
2030 1445 2103 1499 64,
2135 1461 2180 1499 p.

464 1537 591 1597 403).

1046 1788 1301 1835 ELEGIA
1330 1789 1428 1834 XV
1432 1789 1468 1833 Ι.

465 1920 620 1974 Fingit
664 1928 801 1973 poeta
843 1928 1003 1965 nostro
1036 1919 1243 1964 carmine
1273 1918 1529 1972 cynthiam
1561 1935 1588 1964 a
1619 1919 1764 1965 divite
1795 1920 2001 1972 quodam
2037 1920 2182 1965 milite

462 2015 662 2068 glorioso
723 2014 998 2060 muneribus
1058 2015 1353 2068 pecuniaque
1414 2023 1681 2068 corruptam
1744 2030 1860 2067 esse,
1917 2024 1967 2060 ut
2016 2024 2181 2068 poetae

464 2117 618 2155 torum
650 2109 950 2162 relinqueret.

465 2300 658 2346 Praetor
689 2300 747 2345 ab
780 2301 977 2353 Illyricis
1009 2300 1138 2345 venit
1170 2301 1326 2353 modo,
1360 2300 1580 2354 Cynthia,
1613 2301 1762 2354 terris,

582 2395 784 2441 maxima
815 2396 989 2448 praeda
1019 2395 1116 2448 tibi,
1149 2396 1352 2441 maxima
1382 2412 1496 2442 cura
1526 2398 1655 2443 mihi.

463 2507 558 2537 non
590 2491 739 2544 potuit
770 2506 882 2537 saxo
913 2491 1056 2536 vitam
1088 2491 1299 2544 posuisse
1331 2491 1555 2538 Cerauno
1569 2492 1596 2537 P

582 2602 622 2638 a,
655 2586 896 2639 Neptune,
928 2586 1011 2631 tibi
1042 2587 1197 2639 qualia
1227 2588 1352 2633 dona
1382 2588 1572 2633 darem!

463 2697 590 2727 nunc
621 2681 722 2726 sine
753 2697 830 2726 me
861 2681 1000 2734 plena
1030 2681 1146 2727 fiunt
1177 2682 1398 2728 convivia
1428 2699 1604 2736 mensa,

581 2792 708 2822 nunc
739 2777 840 2822 sine
871 2792 948 2822 me
979 2785 1074 2822 tota
1104 2778 1242 2823 ianua
1273 2787 1410 2824 nocte
1442 2788 1580 2831 patet.

465 2967 763 3012 Praeclarum
806 2966 987 3011 initium
1028 2967 1408 3020 praestantissimi
1449 2969 1691 3015 carminis!
1726 2970 1818 3015 His
1849 2985 1932 3015 sex
1962 2970 2178 3015 versibus

464 3061 590 3105 idem
621 3061 730 3105 iacit
760 3060 1046 3114 Propertius,
1078 3063 1206 3114 quod
1237 3063 1446 3108 comicus
1462 3063 1509 3107 in
1527 3063 1832 3116 expositione,
1849 3079 1970 3116 quae
1987 3064 2177 3109 dicitur:

465 3156 705 3208 quomodo
750 3155 837 3200 sibi
883 3171 958 3200 res
1004 3171 1112 3200 cum
1159 3157 1314 3209 puella
1357 3157 1427 3209 sit,
1470 3157 1717 3210 perspicue
1760 3158 1964 3210 exponit.
2013 3158 2177 3212 Perge,

466 3250 580 3303 quid
611 3249 860 3302 sequitur?

467 3344 641 3395 Quare,
673 3344 711 3388 si
742 3344 877 3396 sapis,
909 3344 1084 3389 oblatas
1115 3360 1176 3389 ne
1208 3346 1373 3390 desere
1405 3346 1568 3391 messis

585 3447 630 3485 et
661 3438 879 3485 stolidum
911 3440 1052 3494 pleno
1082 3441 1257 3487 vellere
1289 3455 1428 3494 carpe
1459 3456 1618 3496 pecus,
