<?xml version="1.0" encoding="UTF-8"?>
<!DOCTYPE html PUBLIC "-//W3C//DTD XHTML 1.0 Transitional//EN"
    "http://www.w3.org/TR/xhtml1/DTD/xhtml1-transitional.dtd">
<html xmlns="http://www.w3.org/1999/xhtml" xml:lang="en" lang="en">
 <head>
  <title>
</title>
<meta http-equiv="Content-Type" content="text/html;charset=utf-8" />
  <meta name='ocr-system' content='tesseract 3.04.00' />
  <meta name='ocr-capabilities' content='ocr_page ocr_carea ocr_par ocr_line ocrx_word'/>
</head>
<body>
  <div class='ocr_page' id='page_1' title='image "./adpropertiicarmi00enkpuoft_0213.png"; bbox 0 0 2566 3886; ppageno 0'>
   <div class='ocr_carea' id='block_1_1' title="bbox 354 698 425 744">
    <p class='ocr_par' dir='ltr' id='par_1_1' title="bbox 354 698 425 744">
     <span class='ocr_line' id='line_1_1' title="bbox 354 698 425 744; baseline 0 0"><span class='ocrx_word' id='word_1_1' title='bbox 354 698 425 744; x_wconf 89' lang='grc'>53.</span> 
     </span>
    </p>
   </div>
   <div class='ocr_carea' id='block_1_2' title="bbox 350 3161 422 3207">
    <p class='ocr_par' dir='ltr' id='par_1_2' title="bbox 350 3161 422 3207">
     <span class='ocr_line' id='line_1_2' title="bbox 350 3161 422 3207; baseline -0.028 0"><span class='ocrx_word' id='word_1_2' title='bbox 350 3161 422 3207; x_wconf 88' lang='grc'>59.</span> 
     </span>
    </p>
   </div>
   <div class='ocr_carea' id='block_1_3' title="bbox 350 3351 422 3396">
    <p class='ocr_par' dir='ltr' id='par_1_3' title="bbox 350 3351 422 3396">
     <span class='ocr_line' id='line_1_3' title="bbox 350 3351 422 3396; baseline -0.028 0"><span class='ocrx_word' id='word_1_3' title='bbox 350 3351 422 3396; x_wconf 89' lang='grc'>61.</span> 
     </span>
    </p>
   </div>
   <div class='ocr_carea' id='block_1_4' title="bbox 1146 282 1413 329">
    <p class='ocr_par' dir='ltr' id='par_1_4' title="bbox 1146 282 1413 329">
     <span class='ocr_line' id='line_1_4' title="bbox 1146 282 1413 329; baseline -0.007 0"><span class='ocrx_word' id='word_1_4' title='bbox 1146 282 1413 329; x_wconf 87' lang='lat'>-197—</span> 
     </span>
    </p>
   </div>
   <div class='ocr_carea' id='block_1_5' title="bbox 637 413 1745 466">
    <p class='ocr_par' dir='ltr' id='par_1_5' title="bbox 637 413 1745 466">
     <span class='ocr_line' id='line_1_5' title="bbox 637 413 1745 466; baseline -0.002 -6"><span class='ocrx_word' id='word_1_5' title='bbox 637 429 726 460; x_wconf 90' lang='lat' dir='ltr'>nec</span> <span class='ocrx_word' id='word_1_6' title='bbox 756 423 806 459; x_wconf 93' lang='lat' dir='ltr'>tu</span> <span class='ocrx_word' id='word_1_7' title='bbox 838 422 931 459; x_wconf 86' lang='lat' dir='ltr'>tam</span> <span class='ocrx_word' id='word_1_8' title='bbox 963 414 1106 459; x_wconf 93' lang='lat' dir='ltr'>duros</span> <span class='ocrx_word' id='word_1_9' title='bbox 1137 428 1223 466; x_wconf 87' lang='lat' dir='ltr'>per</span> <span class='ocrx_word' id='word_1_10' title='bbox 1252 422 1298 458; x_wconf 90' lang='lat' dir='ltr'>te</span> <span class='ocrx_word' id='word_1_11' title='bbox 1330 413 1505 466; x_wconf 86' lang='lat' dir='ltr'>patiere</span> <span class='ocrx_word' id='word_1_12' title='bbox 1537 413 1745 458; x_wconf 74' lang='lat' dir='ltr'>laborest</span> 
     </span>
    </p>
   </div>
   <div class='ocr_carea' id='block_1_6' title="bbox 754 508 1829 554">
    <p class='ocr_par' dir='ltr' id='par_1_6' title="bbox 754 508 1829 554">
     <span class='ocr_line' id='line_1_6' title="bbox 754 508 1829 554; baseline -0.002 0"><span class='ocrx_word' id='word_1_13' title='bbox 754 518 861 554; x_wconf 87' lang='lat' dir='ltr'>trux</span> <span class='ocrx_word' id='word_1_14' title='bbox 892 509 1035 554; x_wconf 91' lang='lat' dir='ltr'>animi</span> <span class='ocrx_word' id='word_1_15' title='bbox 1066 525 1093 554; x_wconf 91' lang='lat' dir='ltr'>a</span> <span class='ocrx_word' id='word_1_16' title='bbox 1122 509 1258 554; x_wconf 91' lang='lat' dir='ltr'>nobis</span> <span class='ocrx_word' id='word_1_17' title='bbox 1288 517 1395 553; x_wconf 87' lang='lat' dir='ltr'>ante</span> <span class='ocrx_word' id='word_1_18' title='bbox 1427 508 1691 553; x_wconf 88' lang='lat' dir='ltr'>domandus</span> <span class='ocrx_word' id='word_1_19' title='bbox 1722 508 1829 552; x_wconf 89' lang='lat' dir='ltr'>eris.</span> 
     </span>
    </p>
   </div>
   <div class='ocr_carea' id='block_1_7' title="bbox 480 698 2198 2937">
    <p class='ocr_par' dir='ltr' id='par_1_7' title="bbox 480 698 2198 2937">
     <span class='ocr_line' id='line_1_7' title="bbox 485 698 1533 753; baseline -0.002 -9"><span class='ocrx_word' id='word_1_20' title='bbox 485 714 574 744; x_wconf 92' lang='lat' dir='ltr'>nec</span> <span class='ocrx_word' id='word_1_21' title='bbox 604 700 643 744; x_wconf 93' lang='lat' dir='ltr'>si</span> <span class='ocrx_word' id='word_1_22' title='bbox 673 708 777 752; x_wconf 88' lang='lat' dir='ltr'>post</span> <span class='ocrx_word' id='word_1_23' title='bbox 808 698 985 752; x_wconf 86' lang='lat' dir='ltr'>Stygias</span> <span class='ocrx_word' id='word_1_24' title='bbox 1015 699 1190 753; x_wconf 86' lang='lat' dir='ltr'>aliquid</span> <span class='ocrx_word' id='word_1_25' title='bbox 1222 698 1441 744; x_wconf 90' lang='lat' dir='ltr'>restabit.</span> <span class='ocrx_word' id='word_1_26' title='bbox 1460 731 1471 742; x_wconf 93' lang='lat'><strong>.</strong></span> <span class='ocrx_word' id='word_1_27' title='bbox 1490 730 1502 743; x_wconf 93' lang='lat'><strong>.</strong></span> <span class='ocrx_word' id='word_1_28' title='bbox 1522 731 1533 742; x_wconf 91' lang='lat'><strong>.</strong></span> 
     </span>
     <span class='ocr_line' id='line_1_8' title="bbox 485 791 2198 847; baseline -0.002 -8"><span class='ocrx_word' id='word_1_29' title='bbox 485 793 560 840; x_wconf 94' lang='lat' dir='ltr'>Sic</span> <span class='ocrx_word' id='word_1_30' title='bbox 575 809 740 839; x_wconf 91' lang='lat' dir='ltr'>versus</span> <span class='ocrx_word' id='word_1_31' title='bbox 755 794 803 838; x_wconf 93' lang='lat' dir='ltr'>in</span> <span class='ocrx_word' id='word_1_32' title='bbox 821 793 871 838; x_wconf 95' lang='lat' dir='ltr'>N</span> <span class='ocrx_word' id='word_1_33' title='bbox 883 793 1067 847; x_wconf 90' lang='lat' dir='ltr'>legitur;</span> <span class='ocrx_word' id='word_1_34' title='bbox 1084 793 1273 838; x_wconf 84' lang='lat' dir='ltr'>restabit</span> <span class='ocrx_word' id='word_1_35' title='bbox 1289 807 1542 846; x_wconf 83' lang='lat' dir='ltr'><strong>erumpnas</strong></span> <span class='ocrx_word' id='word_1_36' title='bbox 1552 791 1657 844; x_wconf 87' lang='lat' dir='ltr'>LF;</span> <span class='ocrx_word' id='word_1_37' title='bbox 1675 792 1920 837; x_wconf 89' lang='lat' dir='ltr'>restaverit</span> <span class='ocrx_word' id='word_1_38' title='bbox 1927 792 2077 837; x_wconf 89' lang='lat' dir='ltr'>undas</span> <span class='ocrx_word' id='word_1_39' title='bbox 2086 792 2198 837; x_wconf 88' lang='lat' dir='ltr'>DV.</span> 
     </span>
     <span class='ocr_line' id='line_1_9' title="bbox 486 885 2197 946; baseline -0.001 -13"><span class='ocrx_word' id='word_1_40' title='bbox 486 888 793 933; x_wconf 90' lang='lat' dir='ltr'>Housmanus</span> <span class='ocrx_word' id='word_1_41' title='bbox 822 885 967 946; x_wconf 90' lang='lat' dir='ltr'><strong>(JPh.</strong></span> <span class='ocrx_word' id='word_1_42' title='bbox 989 887 1135 932; x_wconf 91' lang='lat' dir='ltr'>XXII</span> <span class='ocrx_word' id='word_1_43' title='bbox 1168 902 1212 940; x_wconf 87' lang='lat' dir='ltr'>p.</span> <span class='ocrx_word' id='word_1_44' title='bbox 1230 885 1314 944; x_wconf 90' lang='lat'>89)</span> <span class='ocrx_word' id='word_1_45' title='bbox 1336 887 1412 932; x_wconf 92' lang='lat' dir='ltr'>hic</span> <span class='ocrx_word' id='word_1_46' title='bbox 1428 887 1728 932; x_wconf 84' lang='lat' dir='ltr'>commendat</span> <span class='ocrx_word' id='word_1_47' title='bbox 1744 887 1917 931; x_wconf 93' lang='lat' dir='ltr'>mirum</span> <span class='ocrx_word' id='word_1_48' title='bbox 1934 886 1982 931; x_wconf 91' lang='lat' dir='ltr'>in</span> <span class='ocrx_word' id='word_1_49' title='bbox 2000 887 2197 932; x_wconf 92' lang='lat' dir='ltr'>modum</span> 
     </span>
     <span class='ocr_line' id='line_1_10' title="bbox 483 982 1393 1037; baseline -0.001 -9"><span class='ocrx_word' id='word_1_50' title='bbox 483 983 732 1037; x_wconf 84' lang='lat' dir='ltr'>pessimam</span> <span class='ocrx_word' id='word_1_51' title='bbox 764 982 1080 1028; x_wconf 87' lang='lat' dir='ltr'>coniecturam</span> <span class='ocrx_word' id='word_1_52' title='bbox 1113 982 1393 1027; x_wconf 83' lang='lat' dir='ltr'>Munronis:</span> 
     </span>
     <span class='ocr_line' id='line_1_11' title="bbox 635 1075 1864 1130; baseline -0.002 -8"><span class='ocrx_word' id='word_1_53' title='bbox 635 1093 722 1122; x_wconf 91' lang='lat' dir='ltr'>nec</span> <span class='ocrx_word' id='word_1_54' title='bbox 754 1077 792 1123; x_wconf 92' lang='lat' dir='ltr'>si</span> <span class='ocrx_word' id='word_1_55' title='bbox 823 1086 926 1130; x_wconf 90' lang='lat' dir='ltr'>post</span> <span class='ocrx_word' id='word_1_56' title='bbox 957 1076 1133 1130; x_wconf 85' lang='lat' dir='ltr'>Stygias</span> <span class='ocrx_word' id='word_1_57' title='bbox 1163 1076 1338 1130; x_wconf 86' lang='lat' dir='ltr'>aliquid</span> <span class='ocrx_word' id='word_1_58' title='bbox 1370 1084 1465 1121; x_wconf 91' lang='lat' dir='ltr'>rest</span> <span class='ocrx_word' id='word_1_59' title='bbox 1495 1075 1668 1120; x_wconf 88' lang='lat' dir='ltr'>arbiter</span> <span class='ocrx_word' id='word_1_60' title='bbox 1699 1076 1864 1128; x_wconf 87' lang='lat' dir='ltr'>undas,</span> 
     </span>
     <span class='ocr_line' id='line_1_12' title="bbox 482 1171 2197 1227; baseline -0.001 -9"><span class='ocrx_word' id='word_1_61' title='bbox 482 1173 610 1227; x_wconf 86' lang='lat' dir='ltr'>quod</span> <span class='ocrx_word' id='word_1_62' title='bbox 641 1172 799 1217; x_wconf 88' lang='lat' dir='ltr'>vertit:</span> <span class='ocrx_word' id='word_1_63' title='bbox 831 1172 1074 1224; x_wconf 87' lang='lat' dir='ltr'>„whether</span> <span class='ocrx_word' id='word_1_64' title='bbox 1104 1172 1237 1216; x_wconf 89' lang='lat' dir='ltr'>there</span> <span class='ocrx_word' id='word_1_65' title='bbox 1268 1171 1306 1215; x_wconf 91' lang='lat' dir='ltr'>is</span> <span class='ocrx_word' id='word_1_66' title='bbox 1337 1172 1483 1224; x_wconf 87' lang='lat' dir='ltr'>really</span> <span class='ocrx_word' id='word_1_67' title='bbox 1504 1187 1597 1224; x_wconf 87' lang='lat' dir='ltr'>any</span> <span class='ocrx_word' id='word_1_68' title='bbox 1618 1172 1734 1216; x_wconf 92' lang='lat' dir='ltr'>such</span> <span class='ocrx_word' id='word_1_69' title='bbox 1751 1171 1880 1225; x_wconf 81' lang='lat' dir='ltr'>thing</span> <span class='ocrx_word' id='word_1_70' title='bbox 1895 1186 1945 1216; x_wconf 89' lang='lat' dir='ltr'>as</span> <span class='ocrx_word' id='word_1_71' title='bbox 1961 1172 2041 1216; x_wconf 92' lang='lat' dir='ltr'>the</span> <span class='ocrx_word' id='word_1_72' title='bbox 2057 1171 2197 1225; x_wconf 85' lang='lat' dir='ltr'>iudge</span> 
     </span>
     <span class='ocr_line' id='line_1_13' title="bbox 483 1264 1272 1320; baseline -0.003 -8"><span class='ocrx_word' id='word_1_73' title='bbox 483 1283 545 1312; x_wconf 94' lang='lat' dir='ltr'>on</span> <span class='ocrx_word' id='word_1_74' title='bbox 577 1268 656 1312; x_wconf 93' lang='lat' dir='ltr'>the</span> <span class='ocrx_word' id='word_1_75' title='bbox 686 1268 870 1320; x_wconf 91' lang='lat' dir='ltr'>yonder</span> <span class='ocrx_word' id='word_1_76' title='bbox 901 1267 1001 1312; x_wconf 91' lang='lat' dir='ltr'>side</span> <span class='ocrx_word' id='word_1_77' title='bbox 1032 1266 1088 1311; x_wconf 90' lang='lat' dir='ltr'>of</span> <span class='ocrx_word' id='word_1_78' title='bbox 1113 1264 1272 1318; x_wconf 79' lang='lat' dir='ltr'>Styx”.</span> 
     </span>
     <span class='ocr_line' id='line_1_14' title="bbox 483 1361 2198 1414; baseline 0 -7"><span class='ocrx_word' id='word_1_79' title='bbox 483 1363 682 1409; x_wconf 87' lang='lat' dir='ltr'>Prorsus</span> <span class='ocrx_word' id='word_1_80' title='bbox 712 1378 807 1407; x_wconf 92' lang='lat' dir='ltr'>non</span> <span class='ocrx_word' id='word_1_81' title='bbox 839 1362 1043 1407; x_wconf 88' lang='lat' dir='ltr'>conferri</span> <span class='ocrx_word' id='word_1_82' title='bbox 1074 1370 1224 1414; x_wconf 90' lang='lat' dir='ltr'>potest</span> <span class='ocrx_word' id='word_1_83' title='bbox 1255 1361 1522 1406; x_wconf 89' lang='lat' dir='ltr'>notissimus</span> <span class='ocrx_word' id='word_1_84' title='bbox 1565 1376 1676 1406; x_wconf 92' lang='lat' dir='ltr'>usus</span> <span class='ocrx_word' id='word_1_85' title='bbox 1723 1362 1857 1406; x_wconf 91' lang='lat' dir='ltr'>verbi</span> <span class='ocrx_word' id='word_1_86' title='bbox 1904 1377 2042 1407; x_wconf 92' lang='lat' dir='ltr'>esse</span> <span class='ocrx_word' id='word_1_87' title='bbox 2088 1377 2198 1407; x_wconf 90' lang='lat' dir='ltr'>cum</span> 
     </span>
     <span class='ocr_line' id='line_1_15' title="bbox 482 1455 2197 1515; baseline -0.001 -12"><span class='ocrx_word' id='word_1_88' title='bbox 482 1458 727 1512; x_wconf 90' lang='lat' dir='ltr'>aliquid</span> <span class='ocrx_word' id='word_1_89' title='bbox 764 1456 1025 1502; x_wconf 89' lang='lat' dir='ltr'>coniuncti:</span> <span class='ocrx_word' id='word_1_90' title='bbox 1063 1456 1100 1500; x_wconf 93' lang='lat' dir='ltr'>si</span> <span class='ocrx_word' id='word_1_91' title='bbox 1139 1455 1333 1500; x_wconf 87' lang='lat' dir='ltr'>numina</span> <span class='ocrx_word' id='word_1_92' title='bbox 1369 1456 1533 1501; x_wconf 90' lang='lat' dir='ltr'>divum</span> <span class='ocrx_word' id='word_1_93' title='bbox 1571 1465 1678 1501; x_wconf 90' lang='lat' dir='ltr'>sunt</span> <span class='ocrx_word' id='word_1_94' title='bbox 1715 1457 1890 1510; x_wconf 86' lang='lat' dir='ltr'>aliquid</span> <span class='ocrx_word' id='word_1_95' title='bbox 1921 1455 2044 1515; x_wconf 91' lang='lat' dir='ltr'><strong>(Ov.</strong></span> <span class='ocrx_word' id='word_1_96' title='bbox 2078 1456 2197 1502; x_wconf 93' lang='lat' dir='ltr'>Met.</span> 
     </span>
     <span class='ocr_line' id='line_1_16' title="bbox 483 1550 730 1607; baseline -0.008 -9"><span class='ocrx_word' id='word_1_97' title='bbox 483 1553 570 1605; x_wconf 90' lang='lat' dir='ltr'>VI,</span> <span class='ocrx_word' id='word_1_98' title='bbox 602 1550 730 1607; x_wconf 86' lang='lat'><strong>542).</strong></span> 
     </span>
     <span class='ocr_line' id='line_1_17' title="bbox 482 1645 2195 1703; baseline -0.002 -9"><span class='ocrx_word' id='word_1_99' title='bbox 482 1648 657 1703; x_wconf 86' lang='lat' dir='ltr'>Neque</span> <span class='ocrx_word' id='word_1_100' title='bbox 702 1656 829 1692; x_wconf 91' lang='lat' dir='ltr'>recte</span> <span class='ocrx_word' id='word_1_101' title='bbox 868 1647 1175 1692; x_wconf 85' lang='lat' dir='ltr'>Housmanus</span> <span class='ocrx_word' id='word_1_102' title='bbox 1218 1646 1500 1698; x_wconf 87' lang='lat' dir='ltr'>improbavit</span> <span class='ocrx_word' id='word_1_103' title='bbox 1532 1645 1878 1700; x_wconf 90' lang='lat' dir='ltr'>Wassenbergii</span> <span class='ocrx_word' id='word_1_104' title='bbox 1916 1646 2195 1692; x_wconf 90' lang='lat' dir='ltr'>inventum:</span> 
     </span>
     <span class='ocr_line' id='line_1_18' title="bbox 633 1739 1856 1796; baseline -0.002 -8"><span class='ocrx_word' id='word_1_105' title='bbox 633 1758 721 1788; x_wconf 90' lang='lat' dir='ltr'>nec</span> <span class='ocrx_word' id='word_1_106' title='bbox 752 1743 790 1787; x_wconf 91' lang='lat' dir='ltr'>si</span> <span class='ocrx_word' id='word_1_107' title='bbox 821 1751 925 1796; x_wconf 86' lang='lat' dir='ltr'>post</span> <span class='ocrx_word' id='word_1_108' title='bbox 956 1741 1133 1796; x_wconf 90' lang='lat' dir='ltr'>Stygias</span> <span class='ocrx_word' id='word_1_109' title='bbox 1164 1740 1340 1794; x_wconf 85' lang='lat' dir='ltr'>aliquid</span> <span class='ocrx_word' id='word_1_110' title='bbox 1371 1739 1648 1785; x_wconf 88' lang='lat' dir='ltr'>restabimus</span> <span class='ocrx_word' id='word_1_111' title='bbox 1680 1741 1856 1793; x_wconf 87' lang='lat' dir='ltr'>undas;</span> 
     </span>
     <span class='ocr_line' id='line_1_19' title="bbox 482 1833 2196 1893; baseline -0.002 -10"><span class='ocrx_word' id='word_1_112' title='bbox 482 1839 583 1884; x_wconf 89' lang='lat' dir='ltr'>iure</span> <span class='ocrx_word' id='word_1_113' title='bbox 614 1838 740 1882; x_wconf 91' lang='lat' dir='ltr'>enim</span> <span class='ocrx_word' id='word_1_114' title='bbox 773 1837 990 1882; x_wconf 86' lang='lat' dir='ltr'>observat</span> <span class='ocrx_word' id='word_1_115' title='bbox 1023 1836 1260 1888; x_wconf 84' lang='lat' dir='ltr'>Hauptius</span> <span class='ocrx_word' id='word_1_116' title='bbox 1291 1833 1469 1893; x_wconf 88' lang='lat' dir='ltr'>(Index</span> <span class='ocrx_word' id='word_1_117' title='bbox 1500 1836 1603 1880; x_wconf 92' lang='lat' dir='ltr'>lect.</span> <span class='ocrx_word' id='word_1_118' title='bbox 1636 1851 1676 1880; x_wconf 87' lang='lat' dir='ltr'>a.</span> <span class='ocrx_word' id='word_1_119' title='bbox 1710 1837 1755 1880; x_wconf 87' lang='lat' dir='ltr'>d.</span> <span class='ocrx_word' id='word_1_120' title='bbox 1788 1835 1910 1880; x_wconf 91' lang='lat' dir='ltr'>XVI</span> <span class='ocrx_word' id='word_1_121' title='bbox 1942 1851 2004 1880; x_wconf 92' lang='lat' dir='ltr'>m.</span> <span class='ocrx_word' id='word_1_122' title='bbox 2028 1835 2135 1882; x_wconf 91' lang='lat' dir='ltr'>Oct.</span> <span class='ocrx_word' id='word_1_123' title='bbox 2155 1851 2196 1881; x_wconf 90' lang='lat' dir='ltr'>a.</span> 
     </span>
     <span class='ocr_line' id='line_1_20' title="bbox 486 1929 2198 1989; baseline -0.001 -11"><span class='ocrx_word' id='word_1_124' title='bbox 486 1932 599 1978; x_wconf 87' lang='grc'>1854</span> <span class='ocrx_word' id='word_1_125' title='bbox 637 1947 681 1985; x_wconf 87' lang='lat' dir='ltr'>p.</span> <span class='ocrx_word' id='word_1_126' title='bbox 714 1929 787 1989; x_wconf 88' lang='lat'>8):</span> <span class='ocrx_word' id='word_1_127' title='bbox 834 1932 1046 1984; x_wconf 89' lang='lat' dir='ltr'>„ultimas</span> <span class='ocrx_word' id='word_1_128' title='bbox 1095 1947 1260 1976; x_wconf 90' lang='lat' dir='ltr'>versus</span> <span class='ocrx_word' id='word_1_129' title='bbox 1298 1930 1497 1983; x_wconf 88' lang='lat' dir='ltr'>syllabas</span> <span class='ocrx_word' id='word_1_130' title='bbox 1534 1930 1582 1974; x_wconf 91' lang='lat' dir='ltr'>in</span> <span class='ocrx_word' id='word_1_131' title='bbox 1620 1930 1783 1975; x_wconf 89' lang='lat' dir='ltr'>codice</span> <span class='ocrx_word' id='word_1_132' title='bbox 1821 1931 2076 1983; x_wconf 87' lang='lat' dir='ltr'>archetypo</span> <span class='ocrx_word' id='word_1_133' title='bbox 2119 1940 2198 1976; x_wconf 84' lang='lat' dir='ltr'>aut</span> 
     </span>
     <span class='ocr_line' id='line_1_21' title="bbox 482 2025 2195 2081; baseline -0.001 -9"><span class='ocrx_word' id='word_1_134' title='bbox 482 2028 568 2081; x_wconf 89' lang='lat' dir='ltr'>legi</span> <span class='ocrx_word' id='word_1_135' title='bbox 601 2043 696 2072; x_wconf 91' lang='lat' dir='ltr'>non</span> <span class='ocrx_word' id='word_1_136' title='bbox 728 2027 933 2080; x_wconf 81' lang='lat' dir='ltr'>potuisse</span> <span class='ocrx_word' id='word_1_137' title='bbox 964 2035 1042 2071; x_wconf 92' lang='lat' dir='ltr'>aut</span> <span class='ocrx_word' id='word_1_138' title='bbox 1070 2042 1260 2080; x_wconf 88' lang='lat' dir='ltr'>prorsus</span> <span class='ocrx_word' id='word_1_139' title='bbox 1277 2026 1544 2078; x_wconf 88' lang='lat' dir='ltr'>absumptas</span> <span class='ocrx_word' id='word_1_140' title='bbox 1561 2025 1700 2070; x_wconf 71' lang='lat' dir='ltr'>fuisse</span> <span class='ocrx_word' id='word_1_141' title='bbox 1718 2026 1837 2071; x_wconf 90' lang='lat' dir='ltr'>liber</span> <span class='ocrx_word' id='word_1_142' title='bbox 1853 2025 2195 2079; x_wconf 89' lang='lat' dir='ltr'>Neapolitanus</span> 
     </span>
     <span class='ocr_line' id='line_1_22' title="bbox 483 2119 2194 2175; baseline -0.001 -8"><span class='ocrx_word' id='word_1_143' title='bbox 483 2123 634 2174; x_wconf 84' lang='lat' dir='ltr'>docet,</span> <span class='ocrx_word' id='word_1_144' title='bbox 665 2122 745 2175; x_wconf 87' lang='lat' dir='ltr'>qui</span> <span class='ocrx_word' id='word_1_145' title='bbox 777 2123 892 2166; x_wconf 89' lang='lat' dir='ltr'>haec</span> <span class='ocrx_word' id='word_1_146' title='bbox 924 2130 1102 2165; x_wconf 89' lang='lat' dir='ltr'>tantum</span> <span class='ocrx_word' id='word_1_147' title='bbox 1134 2121 1299 2165; x_wconf 87' lang='lat' dir='ltr'>habet:</span> <span class='ocrx_word' id='word_1_148' title='bbox 1333 2136 1435 2165; x_wconf 90' lang='lat' dir='ltr'>nec</span> <span class='ocrx_word' id='word_1_149' title='bbox 1466 2122 1510 2165; x_wconf 94' lang='lat' dir='ltr'>si</span> <span class='ocrx_word' id='word_1_150' title='bbox 1553 2129 1677 2173; x_wconf 86' lang='lat' dir='ltr'>post</span> <span class='ocrx_word' id='word_1_151' title='bbox 1720 2119 1936 2174; x_wconf 88' lang='lat' dir='ltr'>Stygias</span> <span class='ocrx_word' id='word_1_152' title='bbox 1979 2120 2194 2174; x_wconf 89' lang='lat' dir='ltr'>aliquid</span> 
     </span>
     <span class='ocr_line' id='line_1_23' title="bbox 482 2216 2195 2269; baseline -0.001 -7"><span class='ocrx_word' id='word_1_153' title='bbox 482 2216 733 2269; x_wconf 86' lang='lat' dir='ltr'>restabit;</span> <span class='ocrx_word' id='word_1_154' title='bbox 765 2216 875 2261; x_wconf 92' lang='lat' dir='ltr'>hinc</span> <span class='ocrx_word' id='word_1_155' title='bbox 902 2216 1076 2260; x_wconf 89' lang='lat' dir='ltr'>factum</span> <span class='ocrx_word' id='word_1_156' title='bbox 1108 2224 1177 2260; x_wconf 92' lang='lat' dir='ltr'>est</span> <span class='ocrx_word' id='word_1_157' title='bbox 1208 2224 1259 2260; x_wconf 91' lang='lat' dir='ltr'>ut</span> <span class='ocrx_word' id='word_1_158' title='bbox 1289 2216 1405 2260; x_wconf 89' lang='lat' dir='ltr'>alius</span> <span class='ocrx_word' id='word_1_159' title='bbox 1435 2216 1568 2260; x_wconf 91' lang='lat' dir='ltr'>aliter</span> <span class='ocrx_word' id='word_1_160' title='bbox 1599 2216 1727 2269; x_wconf 90' lang='lat' dir='ltr'>quod</span> <span class='ocrx_word' id='word_1_161' title='bbox 1759 2216 1919 2260; x_wconf 89' lang='lat' dir='ltr'>deerat</span> <span class='ocrx_word' id='word_1_162' title='bbox 1950 2216 2195 2260; x_wconf 89' lang='lat' dir='ltr'>restituere</span> 
     </span>
     <span class='ocr_line' id='line_1_24' title="bbox 482 2310 2194 2364; baseline 0 -8"><span class='ocrx_word' id='word_1_163' title='bbox 482 2312 807 2364; x_wconf 81' lang='lat' dir='ltr'>temptarent’&#39;.</span> <span class='ocrx_word' id='word_1_164' title='bbox 855 2310 1136 2355; x_wconf 90' lang='lat' dir='ltr'>Housmano</span> <span class='ocrx_word' id='word_1_165' title='bbox 1181 2319 1336 2355; x_wconf 90' lang='lat' dir='ltr'>autem</span> <span class='ocrx_word' id='word_1_166' title='bbox 1383 2311 1449 2355; x_wconf 92' lang='lat' dir='ltr'>sic</span> <span class='ocrx_word' id='word_1_167' title='bbox 1495 2310 1740 2355; x_wconf 83' lang='lat' dir='ltr'>scribenti:</span> <span class='ocrx_word' id='word_1_168' title='bbox 1786 2310 1994 2363; x_wconf 88' lang='lat' dir='ltr'>„instead</span> <span class='ocrx_word' id='word_1_169' title='bbox 2032 2311 2079 2355; x_wconf 77' lang='lat' dir='ltr'>oi</span> <span class='ocrx_word' id='word_1_170' title='bbox 2115 2311 2194 2356; x_wconf 92' lang='lat' dir='ltr'>the</span> 
     </span>
     <span class='ocr_line' id='line_1_25' title="bbox 481 2405 2194 2460; baseline -0.001 -8"><span class='ocrx_word' id='word_1_171' title='bbox 481 2408 622 2452; x_wconf 89' lang='lat' dir='ltr'>harsh</span> <span class='ocrx_word' id='word_1_172' title='bbox 658 2407 833 2460; x_wconf 87' lang='lat' dir='ltr'>aliquid</span> <span class='ocrx_word' id='word_1_173' title='bbox 871 2406 1148 2450; x_wconf 89' lang='lat' dir='ltr'>restabimus</span> <span class='ocrx_word' id='word_1_174' title='bbox 1184 2421 1276 2450; x_wconf 91' lang='lat' dir='ltr'>one</span> <span class='ocrx_word' id='word_1_175' title='bbox 1314 2406 1473 2450; x_wconf 89' lang='lat' dir='ltr'>would</span> <span class='ocrx_word' id='word_1_176' title='bbox 1511 2406 1622 2450; x_wconf 91' lang='lat' dir='ltr'>look</span> <span class='ocrx_word' id='word_1_177' title='bbox 1660 2406 1731 2451; x_wconf 72' lang='lat' dir='ltr'>for</span> <span class='ocrx_word' id='word_1_178' title='bbox 1767 2405 2029 2460; x_wconf 81' lang='lat' dir='ltr'>something</span> <span class='ocrx_word' id='word_1_179' title='bbox 2062 2421 2194 2451; x_wconf 90' lang='lat' dir='ltr'>more</span> 
     </span>
     <span class='ocr_line' id='line_1_26' title="bbox 481 2501 2194 2555; baseline -0.001 -8"><span class='ocrx_word' id='word_1_180' title='bbox 481 2502 575 2547; x_wconf 91' lang='lat' dir='ltr'>like</span> <span class='ocrx_word' id='word_1_181' title='bbox 627 2503 706 2546; x_wconf 88' lang='lat' dir='ltr'>the</span> <span class='ocrx_word' id='word_1_182' title='bbox 758 2502 809 2546; x_wconf 91' lang='lat' dir='ltr'>si</span> <span class='ocrx_word' id='word_1_183' title='bbox 859 2510 1064 2546; x_wconf 90' lang='lat' dir='ltr'>tamen</span> <span class='ocrx_word' id='word_1_184' title='bbox 1117 2516 1144 2545; x_wconf 91' lang='lat' dir='ltr'>e</span> <span class='ocrx_word' id='word_1_185' title='bbox 1196 2501 1377 2546; x_wconf 91' lang='lat' dir='ltr'>nobis</span> <span class='ocrx_word' id='word_1_186' title='bbox 1429 2502 1675 2555; x_wconf 86' lang='lat' dir='ltr'>aliquid</span> <span class='ocrx_word' id='word_1_187' title='bbox 1722 2501 1845 2546; x_wconf 89' lang='lat' dir='ltr'>nisi</span> <span class='ocrx_word' id='word_1_188' title='bbox 1887 2516 2106 2546; x_wconf 91' lang='lat' dir='ltr'>nomen</span> <span class='ocrx_word' id='word_1_189' title='bbox 2138 2511 2194 2546; x_wconf 94' lang='lat' dir='ltr'>et</span> 
     </span>
     <span class='ocr_line' id='line_1_27' title="bbox 481 2595 2192 2648; baseline -0.001 -6"><span class='ocrx_word' id='word_1_190' title='bbox 481 2597 698 2643; x_wconf 89' lang='lat' dir='ltr'>umbra</span> <span class='ocrx_word' id='word_1_191' title='bbox 739 2605 937 2641; x_wconf 90' lang='lat' dir='ltr'>restat</span> <span class='ocrx_word' id='word_1_192' title='bbox 979 2597 1027 2641; x_wconf 74' lang='lat' dir='ltr'>of</span> <span class='ocrx_word' id='word_1_193' title='bbox 1070 2595 1213 2641; x_wconf 92' lang='lat' dir='ltr'>Ovid.</span> <span class='ocrx_word' id='word_1_194' title='bbox 1247 2611 1392 2640; x_wconf 86' lang='lat' dir='ltr'>amor.</span> <span class='ocrx_word' id='word_1_195' title='bbox 1426 2596 1513 2648; x_wconf 89' lang='grc' dir='ltr'>ΙΙΙ,</span> <span class='ocrx_word' id='word_1_196' title='bbox 1545 2595 1587 2648; x_wconf 90' lang='lat'>9,</span> <span class='ocrx_word' id='word_1_197' title='bbox 1619 2596 1677 2641; x_wconf 85' lang='lat'>59</span> <span class='ocrx_word' id='word_1_198' title='bbox 1708 2612 1764 2641; x_wconf 90' lang='lat' dir='ltr'>or</span> <span class='ocrx_word' id='word_1_199' title='bbox 1794 2597 1873 2641; x_wconf 91' lang='lat' dir='ltr'>the</span> <span class='ocrx_word' id='word_1_200' title='bbox 1905 2596 1954 2641; x_wconf 91' lang='lat' dir='ltr'>si</span> <span class='ocrx_word' id='word_1_201' title='bbox 1986 2605 2192 2642; x_wconf 89' lang='lat' dir='ltr'>tamen</span> 
     </span>
     <span class='ocr_line' id='line_1_28' title="bbox 481 2691 2191 2744; baseline 0.001 -9"><span class='ocrx_word' id='word_1_202' title='bbox 481 2691 786 2736; x_wconf 82' lang='lat' dir='ltr'>extinctis</span> <span class='ocrx_word' id='word_1_203' title='bbox 824 2691 1071 2744; x_wconf 88' lang='lat' dir='ltr'>aliquid</span> <span class='ocrx_word' id='word_1_204' title='bbox 1105 2691 1229 2736; x_wconf 92' lang='lat' dir='ltr'>nisi</span> <span class='ocrx_word' id='word_1_205' title='bbox 1261 2692 1514 2736; x_wconf 86' lang='lat' dir='ltr'>nomina</span> <span class='ocrx_word' id='word_1_206' title='bbox 1550 2699 1744 2736; x_wconf 89' lang='lat' dir='ltr'>restat</span> <span class='ocrx_word' id='word_1_207' title='bbox 1776 2692 1823 2737; x_wconf 78' lang='lat' dir='ltr'>of</span> <span class='ocrx_word' id='word_1_208' title='bbox 1855 2692 1969 2736; x_wconf 89' lang='lat' dir='ltr'>trist.</span> <span class='ocrx_word' id='word_1_209' title='bbox 2002 2691 2088 2743; x_wconf 91' lang='lat' dir='ltr'>IV,</span> <span class='ocrx_word' id='word_1_210' title='bbox 2123 2691 2191 2744; x_wconf 93' lang='grc'>10,</span> 
     </span>
     <span class='ocr_line' id='line_1_29' title="bbox 480 2785 2191 2839; baseline 0.001 -9"><span class='ocrx_word' id='word_1_211' title='bbox 480 2785 566 2830; x_wconf 90' lang='grc'>85”</span> <span class='ocrx_word' id='word_1_212' title='bbox 613 2787 877 2838; x_wconf 88' lang='lat' dir='ltr'>respondeo</span> <span class='ocrx_word' id='word_1_213' title='bbox 925 2801 1002 2830; x_wconf 91' lang='lat' dir='ltr'>me</span> <span class='ocrx_word' id='word_1_214' title='bbox 1047 2801 1238 2839; x_wconf 86' lang='lat' dir='ltr'>prorsus</span> <span class='ocrx_word' id='word_1_215' title='bbox 1286 2801 1381 2830; x_wconf 91' lang='lat' dir='ltr'>non</span> <span class='ocrx_word' id='word_1_216' title='bbox 1425 2787 1604 2838; x_wconf 87' lang='lat' dir='ltr'>videre,</span> <span class='ocrx_word' id='word_1_217' title='bbox 1642 2802 1728 2831; x_wconf 91' lang='lat' dir='ltr'>cur</span> <span class='ocrx_word' id='word_1_218' title='bbox 1764 2795 1907 2831; x_wconf 92' lang='lat' dir='ltr'>sunt</span> <span class='ocrx_word' id='word_1_219' title='bbox 1943 2786 2191 2839; x_wconf 87' lang='lat' dir='ltr'>aliquid</span> 
     </span>
     <span class='ocr_line' id='line_1_30' title="bbox 483 2878 2191 2937; baseline 0.001 -12"><span class='ocrx_word' id='word_1_220' title='bbox 483 2895 685 2925; x_wconf 89' lang='lat' dir='ltr'>manes</span> <span class='ocrx_word' id='word_1_221' title='bbox 715 2878 883 2937; x_wconf 86' lang='lat' dir='ltr'>(Prop.</span> <span class='ocrx_word' id='word_1_222' title='bbox 922 2881 1008 2932; x_wconf 90' lang='lat' dir='ltr'>lv,</span> <span class='ocrx_word' id='word_1_223' title='bbox 1052 2881 1093 2932; x_wconf 88' lang='grc'>7,</span> <span class='ocrx_word' id='word_1_224' title='bbox 1128 2878 1179 2937; x_wconf 96' lang='grc'>1)</span> <span class='ocrx_word' id='word_1_225' title='bbox 1210 2890 1336 2926; x_wconf 89' lang='lat' dir='ltr'>recte</span> <span class='ocrx_word' id='word_1_226' title='bbox 1368 2896 1418 2926; x_wconf 93' lang='lat' dir='ltr'>se</span> <span class='ocrx_word' id='word_1_227' title='bbox 1449 2882 1634 2933; x_wconf 90' lang='lat' dir='ltr'>habeat,</span> <span class='ocrx_word' id='word_1_228' title='bbox 1671 2881 2054 2926; x_wconf 89' lang='lat' dir='ltr'>restabimus</span> <span class='ocrx_word' id='word_1_229' title='bbox 2091 2881 2191 2926; x_wconf 87' lang='lat' dir='ltr'>ali-</span> 
     </span>
    </p>
   </div>
   <div class='ocr_carea' id='block_1_8' title="bbox 481 2974 1230 3027">
    <p class='ocr_par' dir='ltr' id='par_1_8' title="bbox 481 2974 1230 3027">
     <span class='ocr_line' id='line_1_31' title="bbox 481 2974 1230 3027; baseline 0.001 -9"><span class='ocrx_word' id='word_1_230' title='bbox 481 2974 630 3027; x_wconf 88' lang='lat' dir='ltr'>quid</span> <span class='ocrx_word' id='word_1_231' title='bbox 668 2983 831 3019; x_wconf 89' lang='lat' dir='ltr'>contra</span> <span class='ocrx_word' id='word_1_232' title='bbox 860 2982 1128 3026; x_wconf 86' lang='lat' dir='ltr'>suspectum</span> <span class='ocrx_word' id='word_1_233' title='bbox 1161 2975 1230 3019; x_wconf 91' lang='lat' dir='ltr'>sit.</span> 
     </span>
    </p>
   </div>
   <div class='ocr_carea' id='block_1_9' title="bbox 482 3162 1706 3404">
    <p class='ocr_par' dir='ltr' id='par_1_9' title="bbox 482 3162 1706 3404">
     <span class='ocr_line' id='line_1_32' title="bbox 483 3162 1706 3216; baseline 0.001 -10"><span class='ocrx_word' id='word_1_234' title='bbox 483 3162 570 3207; x_wconf 92' lang='lat' dir='ltr'>Me</span> <span class='ocrx_word' id='word_1_235' title='bbox 600 3162 731 3206; x_wconf 87' lang='lat' dir='ltr'>iuvet</span> <span class='ocrx_word' id='word_1_236' title='bbox 759 3162 989 3207; x_wconf 92' lang='lat' dir='ltr'>hesternis</span> <span class='ocrx_word' id='word_1_237' title='bbox 1019 3162 1222 3215; x_wconf 84' lang='lat' dir='ltr'>positum</span> <span class='ocrx_word' id='word_1_238' title='bbox 1253 3163 1474 3216; x_wconf 78' lang='lat' dir='ltr'>languere</span> <span class='ocrx_word' id='word_1_239' title='bbox 1505 3163 1706 3215; x_wconf 90' lang='lat' dir='ltr'>corollis,</span> 
     </span>
     <span class='ocr_line' id='line_1_33' title="bbox 599 3256 1648 3310; baseline 0.001 -9"><span class='ocrx_word' id='word_1_240' title='bbox 599 3272 741 3310; x_wconf 87' lang='lat' dir='ltr'>quem</span> <span class='ocrx_word' id='word_1_241' title='bbox 773 3256 916 3309; x_wconf 85' lang='lat' dir='ltr'>tetigit</span> <span class='ocrx_word' id='word_1_242' title='bbox 945 3256 1066 3300; x_wconf 89' lang='lat' dir='ltr'>iactu</span> <span class='ocrx_word' id='word_1_243' title='bbox 1098 3265 1252 3301; x_wconf 89' lang='lat' dir='ltr'>certus</span> <span class='ocrx_word' id='word_1_244' title='bbox 1282 3257 1341 3301; x_wconf 93' lang='lat' dir='ltr'>ad</span> <span class='ocrx_word' id='word_1_245' title='bbox 1372 3272 1476 3302; x_wconf 87' lang='lat' dir='ltr'>ossa</span> <span class='ocrx_word' id='word_1_246' title='bbox 1507 3257 1648 3308; x_wconf 86' lang='lat' dir='ltr'>deus;</span> 
     </span>
     <span class='ocr_line' id='line_1_34' title="bbox 482 3350 1525 3404; baseline 0 -8"><span class='ocrx_word' id='word_1_247' title='bbox 482 3351 622 3396; x_wconf 88' lang='lat' dir='ltr'>Actia</span> <span class='ocrx_word' id='word_1_248' title='bbox 651 3350 861 3404; x_wconf 92' lang='lat' dir='ltr'>Vergilio</span> <span class='ocrx_word' id='word_1_249' title='bbox 891 3351 1134 3395; x_wconf 89' lang='lat' dir='ltr'>custodem</span> <span class='ocrx_word' id='word_1_250' title='bbox 1166 3350 1300 3395; x_wconf 91' lang='lat' dir='ltr'>litora</span> <span class='ocrx_word' id='word_1_251' title='bbox 1330 3350 1525 3403; x_wconf 86' lang='lat' dir='ltr'>Phoebi,</span> 
     </span>
    </p>
   </div>
   <div class='ocr_carea' id='block_1_10' title="bbox 601 3444 1552 3498">
    <p class='ocr_par' dir='ltr' id='par_1_10' title="bbox 601 3444 1552 3498">
     <span class='ocr_line' id='line_1_35' title="bbox 601 3444 1552 3498; baseline 0.001 -9"><span class='ocrx_word' id='word_1_252' title='bbox 601 3444 818 3490; x_wconf 91' lang='lat' dir='ltr'>Caesaris</span> <span class='ocrx_word' id='word_1_253' title='bbox 849 3453 895 3489; x_wconf 90' lang='lat' dir='ltr'>et</span> <span class='ocrx_word' id='word_1_254' title='bbox 925 3445 1054 3490; x_wconf 71' lang='lat' dir='ltr'>fortis</span> <span class='ocrx_word' id='word_1_255' title='bbox 1085 3444 1243 3489; x_wconf 91' lang='lat' dir='ltr'>dicere</span> <span class='ocrx_word' id='word_1_256' title='bbox 1274 3460 1410 3498; x_wconf 86' lang='lat' dir='ltr'>posse</span> <span class='ocrx_word' id='word_1_257' title='bbox 1442 3445 1552 3490; x_wconf 90' lang='lat' dir='ltr'>ratis</span> 
     </span>
    </p>
   </div>
  </div>
 </body>
</html>
