2566 3886
1079 269 1343 315 -140—

426 398 559 444 Deus
592 408 748 444 autem
781 399 936 444 Amor
968 409 1051 444 est.

289 588 479 634 43—50.
544 589 611 634 Hi
659 604 838 642 versus,
883 605 1001 642 quos
1046 591 1148 635 Itali
1187 590 1502 644 segregabant,
1534 591 1582 636 in
1615 591 1942 645 manuscriptis
1973 592 2146 646 elegiae

425 693 610 729 nostrae
642 686 911 730 adhaerent.
932 685 1099 731 Fidem
1130 686 1555 739 manuscriptorum
1573 688 1833 732 defendunt
1849 702 1894 732 v.
1912 687 1957 731 d.
1976 687 2148 732 Hertz·

424 779 536 832 berg
578 779 723 832 Paley
770 780 1044 825 Phillimore
1087 781 1336 826 Hartman.
1382 781 1669 826 Baehrensio
1712 790 1759 826 et
1790 781 2009 828 Palmero
2040 791 2147 828 ante

423 875 508 919 hos
549 890 714 920 versus
760 876 936 928 aliquid
979 876 1269 921 intercidisse
1313 876 1514 928 videtur,
1547 876 1630 921 sed
1662 876 1727 921 illi
1759 891 1950 930 quoque
1982 892 2147 922 versus

424 968 601 1014 43—50
646 971 704 1015 ad
748 980 960 1016 nostrum
1005 986 1195 1016 carmen
1238 972 1475 1024 pertinere
1519 972 1732 1016 credunt.
1776 971 1845 1017 Ut
1888 973 2147 1024 ostendam,

423 1065 594 1117 quibus
639 1067 923 1120 argumentis
956 1066 1300 1120 Hertzbergius
1332 1067 1571 1119 ceterique
1603 1082 1736 1112 suam
1767 1082 1955 1113 causam
1988 1068 2148 1113 defen-

424 1160 549 1212 dant,
583 1162 743 1214 Paleyi
761 1162 919 1207 verbis
951 1171 1079 1207 utar:
1113 1162 1415 1216 „Hertzberg
1446 1163 1528 1207 has
1560 1163 1810 1208 remarked
1848 1160 2069 1221 (Quaest.
2101 1179 2146 1217 p.

427 1253 537 1313 113)
578 1257 675 1302 that
719 1258 992 1311 Propertius
1037 1259 1075 1303 is
1118 1258 1375 1311 peculiarly
1407 1267 1484 1311 apt
1515 1267 1562 1303 to
1592 1259 1915 1312 apostrophise
1946 1274 2144 1312 persons

425 1351 471 1394 ol
514 1353 670 1398 whom
718 1354 778 1398 he
819 1369 916 1399 was
960 1354 1121 1398 before
1163 1354 1387 1407 speaking
1430 1354 1478 1398 in
1521 1355 1600 1399 the
1644 1355 1769 1399 third
1810 1369 1997 1407 person.
2029 1353 2146 1399 This

425 1445 563 1501 being
593 1448 832 1501 admitted,
865 1449 898 1493 it
930 1449 968 1493 is
999 1450 1124 1494 clear
1155 1450 1251 1494 that
1282 1450 1361 1494 the
1393 1458 1503 1502 poet
1533 1450 1571 1495 is
1603 1450 1829 1502 pursuing
1859 1450 1937 1494 the
1964 1449 2071 1494 idea
2098 1448 2146 1493 in

427 1556 472 1585 v.
517 1541 588 1588 38.
633 1542 739 1588 The
777 1546 964 1597 general
996 1559 1133 1589 sense
1165 1544 1230 1589 is:
1266 1544 1500 1589 Refuse
1547 1559 1615 1589 or
1660 1553 1877 1589 assent
1921 1559 1982 1589 as
2028 1557 2148 1596 you

426 1638 666 1691 please3
699 1639 742 1684 it
773 1649 1031 1684 matters
1066 1649 1167 1684 not
1203 1649 1263 1685 to
1301 1656 1404 1693 me,
1436 1642 1568 1686 who
1599 1641 1760 1685 have
1791 1641 2058 1685 another
2088 1639 2148 1684 in

424 1734 709 1779 reserve!
757 1734 874 1780 This
917 1736 955 1780 is
999 1744 1081 1781 not
1125 1736 1224 1780 said
1268 1744 1315 1780 to
1357 1734 1566 1788 Cynthia
1606 1735 1652 1780 in
1692 1736 1955 1788 particular,
1987 1734 2072 1779 but
2101 1741 2149 1778 to

423 1844 516 1882 any
547 1830 595 1874 of
626 1830 697 1874 his
730 1831 1090 1883 acquaintances
1124 1831 1460 1883 indefinite1y”.

424 1925 500 1970 De
533 1926 854 1979 Lachmanno,
887 1927 968 1979 qui
1001 1942 1167 1971 versus
1195 1925 1252 1971 43
1264 1925 1372 1971 -50
1396 1926 1455 1971 ad
1485 1941 1687 1979 sequens
1705 1940 1895 1970 carmen
1912 1924 2148 1977 pertinere

424 2029 567 2073 putat,
611 2030 766 2067 tacere
810 2037 1017 2075 possum,
1055 2022 1278 2075 quoniam
1311 2036 1452 2067 nemo
1484 2021 1801 2067 recentiorum
1833 2020 2067 2066 editorum
2105 2019 2149 2065 ei

425 2117 730 2170 adstipulatus
772 2127 854 2163 est.
898 2118 1086 2163 Vahlen
1129 2127 1175 2163 et
1219 2118 1466 2163 Rothstein
1511 2132 1677 2162 versus
1709 2115 1885 2161 43—50
1916 2130 2003 2169 pro
2033 2115 2149 2169 frag-

426 2221 585 2257 mento
617 2213 804 2258 habent.
839 2213 912 2258 En
945 2214 1160 2259 diversae
1192 2211 1461 2266 opiniones!

426 2307 728 2361 Perlegamus
770 2317 940 2361 autem,
985 2318 1035 2353 ut
1078 2310 1138 2354 de
1170 2309 1443 2361 quaestione
1476 2308 1644 2353 melius
1676 2307 1883 2352 iudicare
1914 2305 2147 2359 possimus

427 2403 566 2447 etiam
599 2418 765 2448 versus
797 2405 1160 2456 praecedentes:

720 2499 786 2543 sic
818 2499 957 2543 etiam
989 2499 1125 2544 nobis
1157 2514 1251 2544 una
1282 2499 1436 2551 puella
1467 2513 1633 2551 parum
1666 2506 1748 2549 est,

568 2594 712 2638 altera
743 2608 819 2638 me
851 2594 1034 2646 cupidis
1065 2602 1221 2638 teneat
1251 2595 1501 2646 foveatque
1532 2593 1729 2644 lacertis,

720 2689 864 2733 altera
895 2689 933 2733 si
964 2689 1155 2741 quando
1187 2704 1282 2734 non
1315 2689 1423 2733 sinit
1454 2702 1556 2733 esse
1588 2688 1768 2739 locum;

569 2794 648 2830 aut
679 2786 717 2830 si
747 2785 868 2830 forte
901 2785 1015 2829 irata
1046 2786 1138 2829 deo
1169 2784 1227 2829 sit
1256 2784 1377 2828 facta
1407 2783 1607 2836 sinistro,

722 2889 772 2925 ut
804 2880 917 2925 sciat
948 2895 1051 2925 esse
1081 2880 1233 2932 aliam,
1265 2895 1387 2932 quae
1418 2879 1531 2924 velit
1562 2886 1664 2924 esse
1697 2877 1826 2924 mea!

570 2991 678 3020 nam
711 2977 878 3021 melius
909 2978 1005 3021 duo
1037 2976 1299 3021 defendunt
1330 2975 1586 3020 retinacula
1615 2974 1790 3026 navim,

721 3071 862 3116 tutius
894 3080 940 3116 et
970 3071 1180 3125 geminos
1211 3071 1348 3116 anxia
1378 3078 1527 3114 mater
1557 3069 1648 3114 alit.

430 3167 503 3212 Ex
519 3167 591 3212 his
623 3167 838 3212 versibus
869 3182 965 3211 non
997 3167 1222 3219 sequitur,
1254 3175 1305 3211 ut
1335 3173 1474 3218 poeta
1503 3179 1629 3209 nunc
1661 3164 1777 3209 duas
1809 3164 1986 3216 puellas
2008 3164 2145 3209 simul

426 3261 668 3306 devinctas
720 3261 913 3306 habeat:
966 3270 1093 3314 optat
1146 3261 1303 3312 modo,
1350 3269 1400 3305 ut
1446 3275 1474 3304 a
1521 3257 1704 3304 duabus
1735 3258 1902 3310 puellis
1948 3266 2143 3303 ametur.

428 3356 572 3409 Igitur
602 3356 730 3408 quod
765 3356 965 3407 Paleyus
997 3355 1181 3400 scribit:
1215 3363 1322 3407 „aut
1353 3363 1470 3407 nega
1500 3362 1579 3398 aut
1609 3352 1998 3405 venizrepulsam
2016 3360 2142 3397 tuam

429 3451 493 3497 nil
526 3466 685 3495 moror
701 3465 712 3503 ;
738 3465 845 3495 nam
864 3459 1048 3504 praeter
1065 3459 1109 3498 te
1126 3452 1270 3498 altera
1287 3450 1400 3496 mihi
1417 3449 1510 3495 fida
1525 3449 1623 3495 est''
1646 3463 1705 3494 ex
1722 3447 1867 3493 nihilo
1884 3446 2042 3495 fictum
2060 3455 2143 3494 est·
