2566 3886
322 790 390 835 13.

326 1836 395 1882 15.

1108 272 1375 319 —184—

452 408 708 460 Quomodo
754 407 920 451 vitium
967 414 1117 451 ortum
1160 406 1231 458 sit,
1273 415 1400 451 recte
1443 421 1529 451 nos
1570 407 1708 451 docet
1751 405 2084 451 Housmanus:
2116 406 2164 451 in

452 502 882 548 vialanuvium
915 502 959 546 la
980 501 1148 546 omisso
1180 501 1238 545 vi
1256 501 1549 546 anuvium
1580 499 1970 558 παραδιορθώσει
1985 501 2033 545 in
2065 500 2166 545 via

452 614 479 644 a
492 614 523 643 n
537 614 568 644 u
583 613 625 641 m
673 606 947 650 corruptum
994 605 1076 641 est.

452 799 498 835 et
528 789 723 842 platanis
753 788 921 833 creber
950 787 1123 840 pariter
1154 786 1448 840 surgentibus
1479 787 1597 831 ordo

452 884 527 930 Sic
560 885 625 937 N,
672 884 760 928 nisi
798 885 925 938 quod
958 898 1045 936 pro
1076 882 1546 936 surgentibus:
1580 881 1984 936 urgentibus
2015 880 2169 932 habet,

454 979 767 1025 Baehrensius
798 994 824 1023 a
856 978 902 1023 D
924 978 973 1022 V
1019 977 1341 1030 proficiscitur,
1387 977 1467 1030 qui
1516 977 1631 1021 male
1677 976 1825 1021 verba
1869 976 1960 1021 hoc
2005 974 2171 1020 ordine

453 1076 636 1128 legunt:

605 1178 651 1214 et
696 1169 864 1213 creber
909 1168 1082 1222 pariter
1128 1167 1323 1220 platanis
1366 1167 1637 1221 urgentibus
1669 1167 1801 1219 ordo,

454 1265 581 1318 quod
615 1264 788 1308 deinde
820 1263 886 1308 sic
918 1263 1163 1308 emendat:

605 1367 652 1403 et
683 1358 860 1403 crebris
892 1357 1064 1410 pariter
1095 1357 1291 1409 platanis
1323 1358 1618 1411 surgentibus
1650 1358 1768 1402 ordo

455 1454 531 1499 Sic
562 1454 729 1499 melius
761 1453 997 1506 explicari,
1029 1467 1114 1497 cur
1145 1468 1166 1497 s
1196 1453 1332 1497 verbi
1363 1468 1384 1497 s
1400 1468 1432 1497 u
1449 1468 1473 1497 r
1488 1461 1515 1506 g
1531 1468 1558 1497 e
1575 1468 1641 1497 re
1673 1452 1898 1497 omissum
1930 1451 1987 1496 sit
2017 1451 2174 1496 obser-

441 1559 520 1595 vat
552 1549 859 1594 Housmanus
890 1545 1034 1605 (JPh.
1066 1547 1229 1599 XXII,
1260 1544 1344 1604 94)

455 1644 624 1690 Tutius
655 1654 811 1689 tamen
843 1644 967 1688 duco
999 1642 1049 1687 N
1082 1643 1229 1696 sequi.

457 1845 504 1881 et
533 1835 700 1880 leviter
731 1833 951 1887 nymphis
982 1842 1077 1878 tota
1107 1833 1442 1887 crepitantibus
1473 1834 1606 1886 urbe,

546 1945 654 1975 cum
686 1929 840 1974 subito
870 1928 1038 1974 Triton
1070 1944 1153 1973 ore
1184 1930 1398 1974 recondit
1429 1944 1598 1983 aquam

458 2026 534 2070 De
566 2040 749 2070 summa
778 2040 831 2069 re
847 2024 998 2078 probo
1020 2025 1392 2078 explicationem,
1416 2040 1557 2078 quam
1581 2025 1814 2070 dederunt
1837 2022 2179 2076 Hertzbergius

458 2130 505 2166 et
543 2119 887 2171 Rothsteinius;
931 2135 1017 2172 pro
1063 2135 1143 2172 ny
1160 2121 1297 2173 mph
1314 2120 1327 2164 i
1345 2135 1367 2164 s
1414 2120 1628 2173 lymphis
1675 2135 1734 2164 ex
1783 2119 2051 2165 coniectura
2094 2117 2179 2163 Ita·

458 2217 612 2261 lorum
655 2224 782 2260 recte
828 2215 1006 2268 recepit
1050 2215 1396 2268 Lachmannus,
1434 2216 1566 2260 cuius
1597 2214 1833 2260 annotatio
1864 2213 2180 2266 comparanda

460 2320 544 2356 est.
594 2310 786 2355 Tota.
805 2343 816 2354 .
835 2343 846 2354 .
865 2343 875 2353 .
893 2310 1011 2355 urb
1029 2325 1055 2354 e
1108 2325 1273 2355 sanum
1321 2325 1421 2355 esse
1468 2325 1563 2355 non
1610 2310 1780 2361 credo;
1824 2318 2004 2354 certum
2051 2309 2178 2354 enim

460 2406 616 2450 locum
662 2404 884 2450 describit
930 2404 1230 2458 Propertius;
1277 2406 1491 2458 lymphas
1538 2413 1630 2449 tota
1667 2405 1785 2449 urbe
1831 2404 2058 2456 crepitare
2089 2405 2180 2449 huc

461 2516 556 2545 non
589 2501 810 2554 quadrat:
842 2500 995 2545 scribe
1026 2500 1162 2554 igitur
1199 2515 1307 2545 cum
1341 2500 1568 2545 Heinsio:
1600 2508 1715 2545 toto
1736 2497 1777 2557 l)
1810 2499 1969 2551 orbe;
2001 2498 2169 2544 Triton

461 2595 646 2640 medius
677 2604 790 2647 erat,
822 2604 872 2639 ut
903 2595 1085 2648 opinor.

464 2690 777 2735 Recondit
807 2691 846 2735 si
877 2691 936 2735 ab
968 2691 1070 2744 ipso
1103 2691 1349 2743 Propertio
1380 2691 1605 2743 scriptum
1638 2699 1721 2743 est,
1753 2705 1862 2735 cum
1881 2689 2178 2735 Rothsteinio

467 2785 799 2838 explicandum
822 2786 927 2830 erit:
966 2785 1188 2838 „Gerade
1219 2787 1302 2830 das
1334 2786 1583 2838 plotzliche
1615 2785 1874 2830 Aufhoren
1906 2799 2036 2830 muss
2066 2784 2177 2829 dem

465 2879 513 2924 in
546 2880 632 2924 der
664 2879 807 2924 Halle
827 2881 1190 2925 versammelten
1208 2880 1464 2925 Publikum
1481 2890 1662 2934 grosses
1677 2880 1964 2934 Vergnugen
1982 2878 2179 2924 bereitet

463 2974 673 3019 haben'’:
721 2975 787 3020 sic
833 2976 993 3020 scribit
1041 2976 1377 3028 Rothsteinius,
1411 2976 1579 3021 melius
1612 2984 1768 3020 tamen
1800 2975 2179 3028 intelligeremus,

464 3070 502 3114 si
548 3070 809 3123 legeremus
855 3071 1070 3115 homines
1116 3079 1302 3123 tempus
1335 3080 1621 3124 exspectare,
1654 3086 1749 3123 quo
1781 3069 1948 3115 Triton
1979 3085 2063 3115 ore
2094 3066 2181 3115 suo

465 3179 634 3218 aquam
680 3166 965 3210 refunderet.
1013 3165 1128 3210 Non
1161 3167 1297 3219 igitur
1329 3175 1507 3211 temere
1539 3166 1858 3218 spernendum
1892 3163 2081 3209 Heinsii
2111 3163 2178 3208 in·

466 3268 688 3304 ventum:
719 3260 1003 3305 refundit
1034 3276 1121 3314 pro
1153 3262 1460 3306 recondit.

384 3459 410 3506 ¹)
459 3464 569 3498 loto
594 3465 683 3499 orbe
709 3475 793 3499 cum
821 3465 1042 3501 nou-mano
1068 3467 1232 3501 scribere
1258 3478 1333 3501 non
1358 3478 1510 3501 neccsse
1537 3474 1607 3501 cut.
