2566 3886
1140 261 1408 307 —270—

345 389 417 435 27.
480 389 595 435 Non
642 398 799 435 tamen
846 389 1106 435 immerito!
1155 390 1318 436 Minos
1364 392 1495 437 sedet
1526 392 1700 438 arbiter
1732 393 1862 439 Orci.

479 484 554 530 Sic
601 499 792 530 versum
839 484 1173 539 interpungunt
1218 486 1538 532 Rothsteinius
1569 496 1615 532 et
1647 488 1965 534 Phillimorius
1996 506 2197 544 quorum

476 581 554 626 ille
600 581 757 626 locum
804 581 870 626 sie
917 581 1271 635 interpretatur:
1320 597 1402 634 „so
1439 591 1651 636 grausam
1699 583 1776 629 die
1823 583 1970 630 Strafe
2001 601 2112 639 war,
2145 602 2197 632 so

476 691 575 721 war
621 675 688 721 sie
734 676 858 721 doeh
905 676 1035 721 nicht
1081 678 1350 730 ungerecht,
1398 678 1495 723 und
1542 694 1677 723 zum
1727 679 1898 724 Lohn
1948 681 2047 725 fiir
2095 681 2197 727 die

477 771 756 824 Strenge,
798 770 882 815 mit
927 771 1014 815 der
1046 770 1208 816 Minos
1239 773 1360 817 auch
1391 773 1475 817 das
1505 788 1563 817 an
1597 773 1751 818 einem
1784 773 1968 820 Feinde
1998 775 2198 821 veriibte

474 867 787 913 Verbrechen
819 867 1009 912 bestraft
1041 867 1119 912 hat
1162 867 1242 912 ist
1285 868 1496 914 Minos
1541 868 1807 915 Richter
1843 870 1890 915 in
1923 871 2009 915 der
2025 868 2197 917 Un‘ter-

473 963 584 1009 welt
629 963 1006 1017 geworden’'.

477 1058 827 1104 Obscurissime
859 1058 1166 1110 enuntiatum,
1202 1058 1239 1103 si
1257 1058 1539 1104 Rothsteinii
1555 1059 1804 1105 lectionem
1821 1060 2198 1114 explicationem-

475 1170 570 1208 que
601 1154 870 1207 probamus.
904 1153 1261 1205 Quadamtenus
1290 1162 1446 1199 tamen
1463 1154 1720 1208 intelligere
1733 1170 1982 1209 possumus
1998 1156 2196 1209 Proper-

472 1251 588 1296 tium
630 1251 747 1295 haec
778 1250 985 1295 seribere
1017 1249 1237 1302 potuisse,
1269 1250 1493 1304 quoniam
1527 1250 1848 1295 Rothsteinius
1883 1250 1990 1296 satis
2035 1251 2193 1303 multa,

475 1355 526 1391 ut
570 1345 740 1399 legenti
787 1345 1049 1397 subveniat,
1081 1346 1280 1399 supplet.
1332 1345 1452 1397 Quis
1497 1355 1654 1391 autem
1701 1347 1877 1391 nudam
1925 1346 2193 1391 versionem

473 1441 731 1495 intelligere
762 1449 927 1495 potest,
960 1441 1147 1494 qualem
1179 1440 1310 1485 dedit
1340 1440 1685 1486 Phillimorius:
1718 1440 1836 1493 „See
1859 1441 1939 1486 the
1962 1441 2140 1486 damsel
2155 1440 2194 1485 is

472 1538 607 1591 slung
636 1538 729 1582 and
761 1537 963 1590 dragged
995 1545 1150 1581 astern
1182 1537 1231 1581 of
1260 1537 1339 1581 the
1371 1535 1549 1582 Cretan
1580 1536 1712 1581 bark.
1745 1536 1847 1582 Not
1862 1536 2060 1581 without
2071 1536 2191 1589 good

474 1648 614 1678 causa
660 1631 862 1686 though!
909 1631 1071 1676 Minos
1115 1631 1244 1685 gives
1273 1632 1516 1686 iudgment
1549 1647 1611 1676 on
1643 1632 1723 1676 the
1754 1631 1910 1676 bench
1941 1631 1990 1676 of
2020 1630 2190 1676 Orcus.

473 1729 546 1773 As
577 1743 605 1773 a
635 1742 906 1781 conqueror
936 1728 997 1773 he
1029 1728 1153 1772 dealt
1182 1728 1324 1782 iustly
1355 1727 1470 1773 with
1501 1727 1573 1772 his
1604 1727 1679 1772 foe
1711 1726 2075 1771 nevertheless.”
2089 1725 2116 1771 Ρ

473 1823 787 1869 Baehrensius
803 1823 972 1868 vitium
989 1824 1185 1868 haerere
1217 1823 1425 1868 sentiens
1458 1837 1576 1868 non
1609 1823 1841 1868 etenim
1874 1821 2190 1867 immerito

470 1919 727 1973 proposuit,
760 1920 888 1973 quod
921 1919 1064 1972 magis
1095 1919 1247 1973 placet
1277 1934 1419 1971 quam
1453 1918 1720 1963 Housmani
1758 1917 2066 1970 transpositio,
2097 1932 2191 1971 qua

471 2029 638 2060 versus
670 2014 741 2060 25.
774 2014 832 2060 26
863 2023 909 2060 et
940 2013 1011 2059 27.
1044 2013 1102 2059 28
1133 2014 1255 2059 inter
1285 2029 1337 2059 se
1367 2021 1747 2066 transponuntur.

1066 2369 1321 2415 ELEGIA
1353 2369 1464 2414 XX.

471 2499 599 2545 Cum
643 2500 1015 2553 pulcherrimum
1062 2501 1153 2545 hoo
1196 2515 1387 2545 carmen
1432 2500 1598 2545 ordine
1638 2499 1823 2544 turbato
1864 2499 2084 2544 traditum
2116 2499 2187 2550 sit,

470 2603 721 2648 antequam
777 2595 838 2640 de
890 2595 1081 2649 singulis
1127 2595 1241 2640 locis
1288 2595 1623 2641 difficilioribus
1674 2596 1852 2648 loquar,
1899 2595 1960 2639 de
2005 2608 2189 2638 summa

470 2690 610 2736 totius
641 2699 786 2743 agam.

470 2786 772 2839 Quamquam
819 2785 1151 2831 Lachmannus
1195 2784 1412 2839 Scaligeri
1456 2785 1773 2831 coniecturam
1816 2798 1983 2829 versus
2028 2783 2097 2828 11.
2131 2782 2186 2828 12

469 2890 574 2935 post
607 2881 662 2926 14
693 2880 1039 2933 transponentis
1071 2880 1364 2926 verissimam
1397 2880 1670 2932 nominavit,
1696 2894 1853 2932 neque
1869 2879 2185 2924 necessarium

470 2977 633 3022 habuit
662 2975 1070 3030 transpositionem
1102 2976 1228 3021 illam
1260 2975 1396 3021 novis
1418 2975 1697 3020 confirmare
1719 2975 2015 3028 argumentis,
2042 2973 2186 3019 Roth-

470 3073 662 3118 steinius
694 3080 740 3117 et
770 3071 1090 3116 Phillimorius
1121 3070 1338 3116 ordinem
1369 3070 1589 3115 traditum
1622 3070 1852 3123 integrum
1884 3077 2060 3122 putant.
2092 3066 2184 3113 Sed

469 3167 793 3221 unusquisque
840 3166 971 3211 videt
1016 3166 1126 3211 inde
1157 3181 1184 3210 a
1214 3180 1356 3211 versu
1391 3163 1471 3210 13:
1519 3180 1643 3217 „nox
1688 3164 1803 3209 mihi
1849 3164 2000 3217 prima
2026 3162 2184 3209 venit”

469 3272 655 3316 poetam
687 3262 786 3308 voti
816 3262 889 3307 sui
916 3270 1184 3314 compotem
1212 3275 1330 3313 esse,
1357 3268 1404 3305 et
1431 3274 1558 3305 nuno
1580 3260 1773 3304 demum
1799 3259 1958 3304 lunam
1974 3266 2021 3303 et
2037 3257 2183 3303 solem

470 3358 707 3403 invocare.
738 3357 989 3402 Praeterea
1019 3355 1303 3401 vocabulum
1335 3370 1367 3407 q
1383 3371 1414 3400 u
1428 3370 1457 3400 o
1473 3370 1504 3408 q
1518 3370 1549 3399 u
1563 3370 1591 3399 e
1622 3362 1721 3399 tum
1753 3354 1945 3399 demum
1959 3360 2087 3397 recte
2107 3351 2184 3396 ad-

469 3453 658 3498 hibetur
688 3453 749 3498 de
781 3452 893 3503 sole,
925 3467 1034 3496 cum
1067 3452 1128 3496 de
1158 3451 1269 3495 luna
1300 3450 1476 3494 mentio
1508 3449 1599 3494 iam
1631 3448 1751 3493 facta
1781 3457 1863 3493 est.
