2566 3886
351 1236 419 1282 10.

350 1367 418 1413 13.

349 1463 418 1508 14.

350 1559 419 1605 11.

349 1654 418 1700 12.

349 1749 418 1796 19.

346 1844 417 1890 20.

349 1940 417 1986 15.

347 2323 418 2368 21.

345 2703 416 2749 25.

348 3179 418 3224 30.

350 3326 419 3372 18.

1141 248 1406 294 —272—

483 376 655 423 Credis
686 393 796 423 eum
829 377 920 423 iam
953 394 1090 431 posse
1121 389 1228 425 tuae
1260 380 1529 426 meminisse
1561 380 1747 434 figurae,

557 473 713 517 vidisti
745 488 772 518 a
803 474 925 519 lecto
956 489 1099 527 quem
1131 475 1244 520 dare
1277 475 1384 520 vela
1414 475 1536 520 tuo?

481 569 642 621 duruS,
674 569 755 622 qui
789 569 921 614 lucro
953 569 1103 622 potuit
1134 579 1316 616 mutare
1347 570 1581 623 puellam!

555 664 744 717 tantine,
777 673 828 710 ut
859 665 1087 718 lacrimes,
1120 666 1284 711 Africa
1314 674 1409 711 tota
1438 665 1567 711 fuit?

480 768 526 804 at
555 768 620 812 tu,
652 761 802 812 stulta,
834 760 963 812 deos,
995 769 1045 805 tu
1077 760 1209 814 fingis
1242 760 1398 805 inania
1429 761 1605 806 verba:

555 855 746 900 forsitan
778 855 855 900 ille
886 855 977 900 alio
1009 864 1172 908 pectus
1203 871 1365 901 amore
1395 856 1515 901 terit.

481 959 550 995 est
580 950 663 995 tibi
695 950 844 995 forma
874 959 1055 1003 potens,
1087 959 1195 996 sunt
1225 959 1378 996 castae
1410 950 1610 996 Palladis
1641 961 1778 1005 artes,

556 1046 896 1098 splendidaque
927 1062 954 1091 a
985 1047 1124 1091 docto
1155 1046 1277 1091 lama
1307 1046 1505 1100 refulget
1535 1062 1649 1100 avo;

480 1141 714 1186 fortunata
745 1141 928 1193 domus,
961 1142 1104 1186 modo
1136 1142 1192 1186 sit
1224 1142 1307 1186 tibi
1339 1142 1460 1187 fidus
1491 1143 1683 1188 amicus.

553 1236 674 1282 fidus
705 1245 791 1290 ego
811 1235 871 1292 ¹):
905 1237 952 1281 in
984 1245 1168 1282 nostros
1199 1252 1352 1290 curre,
1386 1238 1554 1291 puella,
1586 1247 1726 1283 toros·

482 1367 596 1413 Nox
628 1368 743 1413 mihi
774 1368 925 1421 prima
956 1367 1111 1413 venit!
1144 1369 1323 1421 primae
1354 1370 1460 1414 data
1491 1378 1704 1422 tempora
1734 1369 1904 1414 noctis:

553 1463 734 1517 longius
766 1463 814 1508 in
846 1463 1014 1517 primo,
1049 1463 1199 1516 Luna,
1232 1479 1417 1510 morare
1449 1473 1578 1517 τοῖος

481 1568 531 1604 tu
563 1574 768 1613 quoque,
801 1559 882 1612 qui
913 1559 1115 1605 aestivos
1146 1560 1392 1612 spatiosius
1424 1561 1568 1614 exigis
1599 1560 1730 1613 ignis,

558 1655 765 1708 Phoebe,
798 1663 1063 1700 moraturae
1095 1657 1320 1701 contrahe
1351 1656 1468 1701 lucis
1499 1655 1600 1700 iter.

480 1766 622 1805 quam
654 1751 828 1796 multae
858 1759 967 1796 ante
998 1751 1116 1796 meis
1147 1752 1318 1796 cedent
1348 1750 1645 1796 sermonibus
1663 1750 1821 1802 horae,

551 1845 707 1891 dulcia
737 1861 879 1899 quam
911 1845 1048 1891 nobis
1079 1846 1282 1891 concitet
1312 1861 1442 1891 arma
1471 1844 1667 1890 Venus!

478 1941 669 1986 foedera
700 1950 808 1986 sunt
838 1942 1059 1995 ponenda
1088 1941 1219 1995 prius
1249 1941 1566 1995 signandaque
1597 1940 1699 1986 iura

551 2045 598 2081 et
628 2036 878 2082 scribenda
909 2036 1024 2081 mihi
1055 2037 1132 2082 lex
1163 2036 1211 2081 in
1242 2051 1403 2081 amore
1435 2050 1576 2081 novo.

480 2132 597 2177 haec
627 2132 783 2177 Amor
812 2132 913 2185 ipse
944 2147 1030 2177 suo
1061 2131 1345 2185 constringet
1375 2131 1569 2185 pignora
1599 2130 1743 2184 signo,

551 2228 679 2273 testis
710 2227 920 2273 sidereae
951 2236 1072 2272 torta
1102 2241 1277 2272 corona
1308 2227 1438 2271 deae.

481 2338 685 2376 namque
717 2322 798 2367 ubi
830 2337 925 2367 non
958 2330 1087 2367 certo
1119 2321 1324 2366 vincitur
1353 2321 1547 2366 foedere
1578 2321 1739 2372 lectus,

554 2433 649 2463 non
682 2417 822 2462 habet
853 2418 1028 2462 ultores
1060 2432 1154 2462 nox
1184 2416 1370 2470 vigilata
1396 2417 1525 2467 deos,

482 2522 529 2558 et
559 2513 731 2565 quibus
762 2511 981 2565 inposuit,
1014 2511 1152 2556 solvit
1183 2525 1294 2555 mox
1326 2510 1483 2555 vincla
1512 2510 1677 2555 libido:

550 2608 820 2653 contineant
852 2606 988 2651 nobis
1019 2605 1178 2651 omina
1208 2605 1360 2658 prima
1390 2605 1548 2650 fidem.

478 2712 589 2757 ergo
620 2703 702 2756 qui
732 2710 853 2748 tacta
884 2717 968 2747 sua
996 2701 1191 2746 foedera
1221 2700 1401 2753 ruperit
1432 2715 1511 2745 ara

551 2798 865 2851 pollueritque
897 2811 1023 2842 novo
1055 2811 1186 2841 sacra
1217 2796 1381 2840 marita
1412 2804 1529 2847 toro,

482 2893 546 2938 illi
578 2893 670 2938 sint
700 2893 989 2946 quicumque
1021 2892 1172 2936 solent
1202 2891 1250 2935 in
1281 2906 1442 2935 amore
1473 2891 1674 2943 dolores,

551 2997 597 3033 et
628 2996 768 3040 caput
799 2995 987 3041 argutae
1019 2986 1241 3040 praebeat
1273 2986 1505 3037 historiae,

480 3100 571 3129 nec
603 3083 731 3129 flenti
763 3083 982 3128 dominae
1013 3081 1232 3134 patefiant
1263 3091 1401 3126 nocte
1431 3081 1686 3125 fenestrae:

551 3193 739 3232 semper
769 3185 906 3229 amet,
938 3177 1094 3222 fructu
1126 3191 1313 3229 semper
1343 3175 1515 3220 amoris
1546 3183 1700 3228 egens.

481 3327 608 3371 testis
639 3326 850 3371 sidereae
880 3333 1000 3369 torta
1030 3338 1205 3369 corona
1235 3324 1366 3368 deae.

401 3445 425 3491 ι)

475 3448 534 3482 Sic
561 3448 740 3482 Heinsius
767 3457 832 3486 pro
858 3456 878 3478 e
894 3457 958 3479 ro.
