2566 3886
1146 281 1382 329 -33—

476 431 586 461 mox
631 415 951 468 Amythaonia
997 424 1141 469 nupta
1186 415 1342 460 futura
1373 415 1537 467 domo;
1577 414 1909 459 Lachmannus
1939 413 2185 458 Vahlenus

477 511 741 556 Muellerus
773 511 1032 564 Postgatius
1064 510 1386 555 Rothsteinius
1418 510 1465 554 in
1498 524 1639 554 versu
1671 509 1748 553 44:

658 615 763 651 uret
793 615 839 651 et
872 605 1011 659 Eoos,
1043 614 1148 651 uret
1178 614 1224 650 et
1257 604 1532 658 Hesperios,

476 717 535 746 ex
571 702 743 754 quibus
774 701 926 746 editor
957 701 1207 746 Britannus
1238 709 1394 745 tamen
1426 714 1590 745 versus
1621 699 1797 744 45—-54
1829 714 1915 752 pro
1931 699 2191 753 fragmento

477 797 630 849 habet,
654 797 735 850 qui
751 806 993 850 praeterea
1024 795 1256 850 Scaligero
1287 805 1333 840 et
1366 796 1647 840 Housmano
1678 795 2012 848 praeeuntibus
2044 794 2193 839 credit

477 891 549 936 45.
595 891 654 936 46
699 907 794 936 non
841 892 1095 937 cohaerere
1141 906 1250 936 cum
1296 891 1614 943 sequentibus.
1654 890 1908 944 Postquam
1941 891 2034 934 huc
2065 889 2192 934 veni-

478 1002 597 1039 mus,
635 996 685 1032 ut
732 988 792 1032 de
839 987 1016 1032 lacunis
1068 995 1115 1032 et
1166 985 1475 1031 divisionibus
1499 986 1760 1031 carminum
1793 985 1929 1030 nobis
1960 985 2192 1038 agendum

481 1082 552 1134 sit,
614 1097 762 1134 pauca
812 1081 1152 1134 praemittenda
1201 1095 1304 1126 esse
1359 1095 1620 1133 censemus,
1665 1081 1888 1135 quoniam
1938 1089 2033 1125 tota
2078 1081 2194 1125 haec

480 1177 692 1230 quaestio
735 1176 1016 1229 difficillima,
1058 1186 1103 1221 at
1144 1176 1413 1230 dignissima
1455 1184 1537 1228 est,
1588 1176 1634 1220 in
1691 1191 1832 1230 quam
1889 1175 2193 1229 inquiramus.

480 1270 607 1316 Nam
653 1271 789 1316 nobis
834 1286 1109 1324 persuasum
1148 1279 1218 1316 est
1248 1272 1439 1316 tandem
1471 1271 1723 1324 aliquando
1754 1280 1935 1316 certum
1968 1270 2194 1316 iudicium

479 1367 540 1411 de
578 1367 746 1412 talibus
784 1366 1135 1420 quaestionibus
1166 1367 1414 1411 ferendum
1446 1381 1562 1419 esse,
1595 1375 1644 1411 ut
1675 1366 1930 1411 editionem
1963 1365 2195 1419 Propertii

479 1462 817 1514 nanciscamur,
848 1477 969 1516 quae
1001 1462 1102 1507 sine
1134 1461 1355 1506 molestiis
1387 1461 1474 1515 legi
1507 1461 1664 1514 possit.

480 1556 820 1611 Unusquisque
836 1566 992 1602 autem
1009 1557 1090 1611 qui
1106 1557 1343 1610 aliquanto
1359 1556 1552 1611 peritior
1567 1566 1637 1602 est
1654 1566 1897 1610 poetarum
1916 1557 2192 1602 Latinorum

480 1651 682 1705 Augusti
734 1652 909 1705 aetatis,
962 1667 1249 1706 quamquam
1302 1653 1495 1698 fortasse
1547 1661 1677 1705 putat
1729 1652 1984 1697 hodiernos
2035 1660 2195 1705 poetas

480 1746 716 1792 interdum
760 1757 967 1793 mentem
999 1748 1176 1801 spirare
1223 1747 1543 1793 sublimiorem
1576 1747 1999 1800 vehementiusque
2023 1761 2108 1791 nos
2140 1746 2195 1790 iis

482 1842 787 1894 commoveri,
818 1851 974 1888 tamen
1007 1843 1234 1896 elegiacos
1267 1843 1506 1888 Romanos
1523 1843 1753 1897 quidquid
1771 1842 1928 1888 dicant
1944 1842 2006 1887 ita
2022 1842 2194 1893 dicere,

484 1946 535 1983 ut
580 1952 676 1983 non
708 1938 841 1982 facile
883 1938 1134 1992 quicquam
1167 1938 1433 1991 perfectius,
1466 1938 1705 1992 magisque
1737 1938 1957 1983 omnibus
1988 1937 2197 1990 partibus

484 2033 747 2078 absolutum
781 2033 954 2087 fingere
991 2033 1237 2086 possimus,
1284 2034 1512 2078 concedat
1558 2048 1751 2078 necesse
1797 2042 1880 2077 est.
1916 2031 2197 2077 Praesertim

482 2128 671 2172 student
716 2138 895 2180 poetae,
943 2137 994 2173 ut
1036 2128 1219 2173 initium
1261 2143 1455 2173 suorum
1487 2129 1749 2173 carminum
1782 2128 2013 2173 eiusmodi
2045 2127 2115 2179 sit,
2148 2135 2198 2171 ut

483 2224 656 2277 cupido
688 2239 773 2269 nos
803 2233 971 2276 teneat,
1004 2224 1316 2278 cognoscendi
1348 2224 1461 2278 quid
1494 2233 1729 2278 sequatur.
1762 2224 1895 2269 Finis
1926 2239 2116 2278 quoque
2149 2233 2200 2268 ut

486 2319 533 2362 in
565 2318 756 2363 auribus
787 2319 957 2364 nostris
989 2328 1190 2371 resonet,
1208 2328 1352 2373 utque
1374 2334 1566 2364 carmen
1587 2319 1726 2372 digne
1743 2320 1999 2371 claudatur,
2017 2334 2201 2364 summa

484 2427 628 2465 opera
668 2414 893 2459 nituntur.
927 2414 1050 2459 Fere
1083 2414 1272 2468 ubique,
1304 2414 1386 2458 ubi
1418 2414 1600 2459 evolvis
1631 2422 1858 2466 nostrum,
1891 2415 2012 2459 hanc
2043 2414 2199 2458 obser-

484 2509 720 2554 vationem
752 2518 917 2562 sponte
948 2509 1103 2554 facias.
1136 2508 1183 2554 Si
1215 2509 1320 2563 quis
1351 2509 1489 2562 igitur
1515 2509 1756 2554 contendit
1772 2525 1963 2554 versum
1981 2509 2038 2554 54
2056 2509 2198 2554 finem

485 2605 658 2658 elegiae
710 2619 827 2656 esse,
876 2604 973 2659 jam
1021 2605 1129 2649 satis
1175 2605 1418 2656 habemus,
1465 2620 1611 2658 quare
1657 2604 1701 2649 ei
1746 2605 2022 2649 diffidamus.
2070 2604 2199 2656 Quid

487 2708 642 2745 autem
674 2699 941 2752 elegantius,
973 2700 1086 2752 quid
1118 2700 1177 2744 ad
1210 2714 1399 2744 carmen
1424 2700 1741 2744 claudendum
1765 2700 1915 2752 aptius
1932 2715 2034 2744 esse
2051 2707 2202 2751 potest

488 2810 629 2848 quam
661 2795 752 2839 hoc
783 2794 1035 2839 distichon:

608 2888 730 2934 Uret
761 2897 807 2933 et
839 2888 979 2941 Eoos,
1012 2898 1116 2934 uret
1147 2898 1193 2934 et
1225 2889 1486 2943 Hesperios
1502 2889 1529 2934 P

492 2983 642 3034 „Quis
673 2983 802 3035 ierat,
834 2983 985 3037 inquit
1017 2983 1363 3036 Lachmannus,
1394 2993 1498 3036 post
1528 2984 1606 3028 illa

610 3077 732 3122 Uret
763 3093 860 3131 eqs.

493 3172 553 3217 ita
584 3160 886 3226 pergentem:

494 3265 587 3310 His
617 3267 779 3311 saltem
811 3275 862 3311 ut
888 3258 1055 3312 tenear
1084 3267 1175 3312 iam
1208 3268 1392 3319 finibus,

493 3375 695 3414 quorum
728 3361 842 3405 illud
874 3362 1143 3406 exsultantis
1175 3371 1257 3414 est,
1289 3362 1379 3406 hoc
1411 3361 1765 3413 desperantis''?

496 3455 696 3501 Accedit
708 3456 835 3510 quod
852 3471 921 3501 vs.
938 3455 1070 3500 45-54
1086 3456 1261 3509 optime
1274 3471 1382 3501 cum
1391 3457 1604 3510 sequenti
1616 3458 1761 3511 elegia
1768 3458 1984 3512 coniungi
1992 3468 2199 3511 possunt.
