2566 3886
1139 252 1404 298 —326—

474 395 561 433 pro
607 395 702 434 quo
742 389 878 425 antea
918 396 939 425 s
957 396 983 426 e
1000 397 1024 426 r
1038 390 1056 426 t
1072 397 1100 426 a
1142 382 1370 427 edebatur
1403 383 1678 436 restituerat,
1711 384 2004 430 observavit:
2043 401 2194 439 „cera‚

477 490 570 527 qua
614 475 962 520 commentandi
1015 477 1452 531 exercitationisque
1490 486 1669 523 tantum
1701 493 1841 524 causa
1871 479 1936 524 uti
1968 480 2194 534 solebant,

477 569 553 613 hic
584 570 795 622 ineptum
827 570 992 615 foret”.

478 663 677 715 Repono
709 664 845 716 igitur
876 680 983 710 cum
1015 664 1272 718 Scaligero:
1305 681 1326 711 s
1343 681 1370 711 e
1387 682 1411 710 r
1426 675 1443 711 t
1460 682 1487 712 a
1503 665 1560 724 ¹).

344 805 412 850 17.
474 806 569 850 Pro
615 822 646 860 p
662 807 717 851 el
734 822 761 851 a
776 815 803 859 g
816 822 846 851 u
861 822 882 851 s
913 806 1152 860 ingeniose
1193 808 1512 854 Marklandus
1543 810 1745 855 coniecit
1763 826 1774 855 τ
1808 811 1849 856 L
1866 827 1893 857 e
1909 828 1940 857 u
1957 827 1983 857 c
2000 827 2028 858 a
2040 828 2075 865 s,
2108 814 2191 859 sed

472 901 634 945 confer
667 901 1024 947 Lachmannum
1057 900 1158 959 (ed.
1194 901 1333 961 1816)
1366 912 1411 948 et
1444 904 1807 950 Rothsteinium.

342 1043 413 1087 22.
475 1044 661 1097 pilaque
692 1044 898 1088 leminea
929 1044 1127 1096 turpiter
1157 1054 1258 1090 acta
1289 1061 1431 1091 manu

474 1148 621 1183 acta
652 1139 778 1191 DV;
811 1148 962 1192 apta
993 1139 1133 1184 NFL

475 1234 571 1285 Qui
618 1234 694 1279 hic
740 1250 931 1288 quoque
979 1235 1346 1288 Neapolitanum
1378 1252 1546 1281 verum
1578 1237 1807 1290 praebere
1837 1239 2051 1291 credunt,
2083 1254 2192 1285 cum

476 1330 763 1375 Marklando
795 1331 1055 1384 corrigunt:

593 1425 779 1479 pilaque
809 1426 1042 1470 femineae
1073 1426 1271 1478 turpiter
1302 1434 1408 1478 apta
1440 1442 1596 1471 manu.

474 1519 516 1564 T
534 1520 795 1572 urpiter
825 1529 976 1573 apta
1006 1521 1195 1565 defendi
1228 1535 1365 1573 posse
1397 1536 1492 1565 non
1525 1521 1692 1574 credo;
1710 1522 2018 1575 quamobrem
2035 1531 2194 1568 noster

475 1615 605 1660 locus
643 1615 698 1659 iis
730 1615 1111 1660 adnumerandus
1144 1630 1246 1660 esse
1278 1615 1480 1668 videtur,
1513 1615 1593 1660 ubi
1627 1615 1724 1660 DV
1755 1631 1924 1662 verum
1953 1617 2194 1670 praebent.

342 1757 413 1802 26.
475 1773 714 1802 armorum
746 1766 792 1802 et
823 1757 964 1802 radiis
996 1759 1119 1810 picta
1149 1759 1378 1803 tremebat
1403 1774 1537 1812 aqua.

476 1851 592 1897 Non
652 1852 879 1897 debuerat
937 1868 1161 1906 spernere
1213 1853 1546 1898 Lachmannus
1602 1852 1789 1898 Heinsii
1844 1853 2192 1900 coniecturam:

477 1948 490 1992 i
505 1964 531 1992 c
547 1957 564 1992 t
581 1963 620 2000 a,
653 1964 808 2001 neque
826 1949 953 1993 enim
971 1964 1091 2002 aqua
1107 1964 1345 1994 armorum
1364 1949 1505 1994 radiis
1523 1948 1612 1993 icta
1628 1949 1835 1993 colorem
1853 1957 2013 2002 mutat,
2030 1957 2082 1994 ut
2099 1964 2193 2002 aer,

476 2044 556 2096 qui
601 2044 810 2089 fulminis
855 2044 1040 2098 ignibus
1071 2044 1251 2097 rutilat3
1291 2044 1407 2088 nihil
1438 2043 1575 2097 igitur
1605 2043 1797 2096 prodest
1828 2044 2098 2097 exemplum
2135 2044 2196 2089 ab

473 2154 531 2184 eo
562 2140 748 2184 datum:
779 2139 935 2184 Varro
966 2137 1117 2198 (apud
1150 2139 1364 2184 Nonium
1396 2139 1483 2183 vl.
1518 2135 1625 2195 16):

593 2249 703 2278 cum
735 2234 886 2287 pictus
918 2249 999 2279 aer
1029 2235 1239 2279 fervidus
1270 2235 1360 2279 late
1392 2234 1574 2287 ignibus

596 2329 711 2373 caeli
743 2330 939 2374 choreas
971 2330 1161 2375 astrieas
1193 2330 1475 2374 ostenderet.

478 2425 734 2476 Quomodo
762 2425 1031 2476 corruptela
1061 2434 1163 2469 orta
1193 2424 1251 2469 sit
1281 2423 1583 2476 perspicuum
1615 2423 1677 2475 fit,
1709 2423 1747 2468 si
1779 2438 1888 2468 eum
1913 2422 2196 2469 Housmano

480 2516 1285 2577 (JPh.XXII,p.107)scribimus:
1318 2533 1647 2563 armorum
1678 2517 2032 2572 radiisque
2063 2517 2199 2563 icta

482 2614 815 2659 tremebat
852 2629 1035 2667 aqua.

350 2756 421 2802 28.
483 2772 591 2801 nam
624 2756 725 2801 tulit
756 2757 896 2802 iratos
928 2756 1114 2801 mobilis
1146 2757 1274 2801 unda
1305 2755 1459 2800 Notos

483 2851 665 2896 Versus
732 2851 972 2904 quomodo
1039 2851 1417 2903 interpretandus
1480 2858 1615 2901 esset,
1686 2848 1865 2902 primus
1934 2849 2199 2895 mortalium

400 2970 433 3016 ¹)
484 2973 541 3007 De
568 2973 722 3012 Hauptii
749 2973 963 3006 coniectura
987 2984 1066 3006 ara
1091 2968 1224 3015 (Index
1249 2973 1334 3006 leot.
1360 2971 1434 3005 hib.
1463 2969 1627 3011 1854l55,
1653 2982 1687 3010 p.
1715 2966 1776 3012 13)
1790 2977 1892 3004 reete
1907 2970 2081 3005 observat
2095 2970 2200 3005 Pont-

352 3033 470 3075 gatius
507 3029 647 3074 (Seleet
673 3032 727 3066 El.
755 3044 787 3071 p.
814 3028 917 3074 209):
956 3044 1055 3072 „ara
1092 3032 1306 3066 introduces
1343 3042 1389 3064 an
1421 3031 1668 3072 incongruens
1694 3029 1921 3068 met-phor’k
1947 3029 2053 3068 Quae
2077 3036 2200 3064 autem

354 3092 539 3131 Hauptius
563 3098 693 3125 eontra
718 3091 892 3132 Scaligeri
918 3091 1107 3125 inventum
1134 3091 1250 3130 affert,
1275 3090 1454 3124 levissimi
1480 3089 1659 3123 momenti
1684 3095 1785 3122 sunt:
1811 3084 2035 3130 „(Sealiger)
2059 3099 2111 3122 ae
2126 3095 2201 3122 rta

352 3152 586 3185 scribendum
612 3161 694 3184 esse
720 3151 892 3191 coniecit,
917 3162 938 3183 a
953 3157 1036 3190 pte
1063 3161 1161 3188 sane,
1188 3151 1251 3183 sed
1279 3149 1482 3182 mutatione
1508 3159 1582 3182 non
1607 3155 1682 3181 tam
1709 3147 1890 3187 probabili
1915 3154 1955 3180 ut
1979 3158 2054 3181 non
2069 3147 2203 3181 debeat

352 3210 497 3250 leniori,
523 3210 554 3243 si
580 3210 737 3243 inveniri
765 3209 893 3250 possit,
919 3211 1062 3243 cedere.
1090 3209 1266 3242 minuitur
1291 3209 1402 3242 etiam
1431 3207 1683 3248 probabilitas,
1709 3206 1740 3240 si
1767 3212 1957 3246 praeterea
1988 3217 2008 3239 ο
2024 3211 2202 3240 ertent

354 3269 568 3309 scribimus3
607 3269 637 3302 si
676 3275 853 3302 certet
891 3279 1093 3308 servamus,
1131 3270 1228 3308 quod
1267 3267 1428 3308 Scaliger
1453 3267 1616 3301 voluisse
1642 3266 1788 3300 videtur
1813 3275 1999 3306 nuperque
2031 3264 2202 3306 Ungerua

354 3328 529 3368 defendit,
566 3340 640 3362 non
675 3328 850 3361 credibile
877 3335 934 3361 est
961 3327 1193 3367 Propertium
1222 3327 1413 3360 rarissimo
1440 3333 1560 3359 sertae
1586 3325 1760 3366 singulari
1786 3334 1940 3358 numero
1966 3324 2025 3358 hie
2050 3334 2201 3357 usurum

354 3388 467 3421 fuisse
492 3388 554 3421 ubi
580 3398 640 3421 res
664 3388 743 3427 ipsa
769 3387 945 3426 pluralem
972 3387 1290 3420 commendabnt”.
1317 3386 1363 3419 ef.
1386 3393 1509 3419 tamen
1533 3384 1577 3425 11,
1603 3383 1660 3424 33,
1685 3383 1730 3417 37
1756 3383 1879 3423 ibique
1904 3389 2070 3417 nostram
2089 3383 2201 3416 adno-

354 3447 546 3480 tationem.
