2566 3886
324 373 395 419 26.

325 794 396 840 28.

325 1119 396 1165 35.

327 1446 398 1493 37.

329 1967 400 2013 41.

1117 242 1383 289 -280-

456 382 659 427 potaque
693 372 897 418 Pollucis
928 373 1138 425 nympha
1170 373 1367 419 salubris
1399 388 1524 427 equo

459 467 508 513 N
523 484 553 520 y
566 483 612 512 m
625 483 655 520 p
668 469 700 512 h
711 483 738 512 a
769 464 861 524 (sic
880 464 953 524 Ο)
979 467 1315 514 absurdissime
1336 469 1434 514 edit
1451 469 1786 522 Rothsteinius,
1804 470 1864 515 cf.
1882 470 2173 516 Lachmanni

459 562 807 608 annotationem
840 563 899 607 ad
932 563 993 615 ΙΙ,
1027 562 1084 608 32
1117 561 1340 621 (Lachm.
1374 565 1460 618 ΙΙΙ,
1483 563 1581 623 28),
1609 564 1676 610 15.
1695 564 1822 610 Cum
1852 565 1978 611 Italis
1994 566 2174 620 corrige

459 659 516 711 ly
533 673 580 703 m
595 672 626 711 p
640 658 671 702 h
684 672 723 703 a.

460 794 574 839 Itala
604 794 832 847 portentis
864 809 952 839 nec
983 794 1069 840 fuit
1100 809 1195 840 una
1225 795 1362 840 novis

459 890 560 934 fuit
591 905 698 935 una
730 889 802 942 O;
835 890 951 935 duas
982 889 1273 935 coniecturas
1304 899 1651 943 proposuerunt
1682 890 1810 936 Itali:
1842 891 1983 937 fluit
2013 892 2178 937 unda

459 992 537 1028 aut
568 984 724 1029 furit
754 1000 785 1029 u
799 1000 830 1029 n
845 985 876 1029 d
890 999 937 1037 ας
970 984 1113 1039 magis
1145 986 1296 1038 placet
1327 986 1457 1031 haec.

458 1135 637 1166 cornua
667 1136 756 1166 nec
788 1121 935 1167 valuit
966 1137 1167 1168 curvare
1198 1121 1246 1166 in
1280 1122 1457 1175 paelice
1491 1121 1612 1167 Iuno

527 1224 606 1262 aut
637 1216 804 1262 faciem
836 1217 961 1270 turpi
992 1217 1281 1263 dedecorare
1313 1217 1451 1263 bove.

460 1310 588 1357 Cum
622 1311 910 1358 Baehrensio
941 1313 1124 1367 corrigo
1155 1327 1234 1365 ac,
1265 1328 1374 1358 cum
1407 1313 1467 1358 de
1499 1313 1668 1359 eodem
1701 1313 1821 1359 facto
1852 1329 2009 1360 sermo
2040 1315 2111 1361 sit.

460 1447 591 1493 Ante
633 1449 760 1494 hunc
803 1463 995 1494 versum
1027 1450 1254 1495 nonnulla
1289 1449 1517 1495 excidisse
1548 1464 1657 1494 cum
1690 1449 1908 1495 Livineio
1940 1450 2179 1499 Muellero

462 1543 727 1589 Hartmano
775 1544 1062 1590 Baehrensio
1108 1545 1268 1597 credo,
1315 1560 1424 1590 nam
1471 1560 1498 1590 a
1510 1560 1534 1590 r
1547 1545 1578 1590 b
1592 1560 1621 1590 o
1635 1560 1659 1590 r
1674 1560 1701 1591 e
1714 1560 1742 1590 a
1753 1560 1775 1590 s
1788 1561 1819 1599 q
1833 1561 1864 1591 u
1878 1561 1919 1598 e,
1965 1560 2052 1599 pro
2082 1561 2179 1600 quo

460 1654 488 1684 a
503 1654 527 1683 r
539 1638 570 1683 b
585 1654 614 1684 o
628 1654 652 1684 r
662 1654 689 1684 e
705 1654 733 1684 a
746 1654 767 1685 s
780 1655 812 1684 v
826 1655 853 1685 e
897 1639 1099 1685 coniecit
1141 1640 1475 1685 Lachmannus
1506 1648 1781 1693 argumento
1812 1649 1882 1686 est
1912 1656 2009 1687 non
2040 1656 2178 1696 posse

462 1734 670 1788 suppleri
685 1750 696 1779 τ
729 1750 759 1780 n
774 1749 803 1780 o
816 1750 847 1780 n
880 1750 912 1780 v
925 1735 979 1780 al
994 1751 1024 1780 u
1039 1735 1053 1780 i
1069 1743 1086 1780 t
1116 1750 1143 1780 a
1157 1736 1188 1780 d
1203 1736 1234 1780 h
1248 1735 1263 1780 i
1277 1735 1307 1780 b
1322 1750 1348 1780 e
1362 1751 1386 1780 r
1399 1751 1440 1788 e,
1472 1750 1593 1790 quae
1624 1743 1867 1788 praeterea
1899 1735 2038 1781 nimis
2070 1751 2179 1782 con·

461 1839 582 1876 torta
612 1839 734 1876 esset
765 1831 1065 1877 constructio.

462 1967 538 2013 hic
568 1967 652 2013 tibi
683 1968 742 2013 ad
774 1968 1014 2022 eloquium
1047 1967 1175 2013 cives

463 2064 594 2115 Quid
626 2065 743 2109 haec
774 2063 923 2109 verba
953 2063 1226 2117 significent,
1259 2061 1451 2116 intelligi
1482 2061 1657 2116 nequit.
1690 2060 1861 2107 Sedem
1885 2062 2180 2116 corruptelae

464 2159 512 2204 in
544 2159 645 2204 civ
661 2174 688 2204 e
705 2174 727 2204 s
757 2159 1094 2212 quaesiverunt
1126 2158 1242 2211 Itali,
1274 2173 1478 2212 quorum
1510 2157 1805 2202 coniectura:

463 2254 564 2299 hic
601 2254 719 2299 tibi
758 2255 829 2299 ad
867 2254 1191 2308 eloquium
1230 2267 1453 2299 cursus
1491 2252 1668 2298 bonum
1700 2251 1898 2298 restituit
1929 2267 2135 2298 sensum.

463 2349 780 2395 Verisimilior
821 2358 978 2395 tamen
1022 2349 1210 2395 videtur
1241 2347 1522 2399 emendatio,
1554 2362 1696 2401 quam
1728 2347 1970 2401 proposuit
2002 2346 2116 2393 Otto
2139 2345 2180 2406 ¹)

465 2444 559 2503 (H.
592 2444 664 2497 23,
696 2460 741 2498 p.
773 2443 857 2503 44)
888 2445 1223 2498 eloquium
1256 2443 1477 2489 vitiosum
1510 2458 1612 2488 esse
1644 2451 1799 2488 ratus:

465 2540 542 2585 hic
572 2540 655 2585 tibi
687 2541 747 2589 ad
789 2540 1115 2594 adloquiu
1134 2555 1181 2585 m
1225 2539 1368 2591 cives,
1400 2539 1428 2584 i.
1461 2554 1501 2584 e.
1533 2539 1593 2584 ad
1624 2538 1989 2592 adloquendum.

1025 2876 1279 2924 ELEGIA
1310 2877 1497 2923 XXIII.

468 3010 573 3056 illae
605 3010 697 3055 iam
729 3010 830 3055 sine
862 3024 939 3055 me
970 3017 1140 3054 norant
1170 3009 1354 3062 placare
1386 3008 1564 3061 puellas

469 3106 544 3152 Sic
591 3106 801 3158 codices;
853 3120 1009 3158 neque
1055 3104 1222 3157 habeo,
1269 3120 1354 3150 cur
1400 3119 1508 3149 cum
1557 3103 1863 3149 Lachmanno
1906 3102 2118 3155 puella
2134 3117 2181 3147 m

469 3202 697 3254 scribam3
729 3200 788 3246 cf.
821 3200 883 3253 11,
915 3199 987 3253 34,
1019 3199 1103 3245 57:

621 3305 672 3342 ut
702 3305 894 3350 regnem
926 3296 1092 3341 mixtas
1123 3295 1246 3341 inter
1275 3294 1479 3340 conviva
1509 3293 1700 3347 puellas.

387 3439 418 3486 ¹)
468 3442 557 3478 Pon
581 3453 664 3477 eum
691 3442 788 3477 idem
815 3441 1007 3483 proposuit
1033 3440 1273 3476 Housmnnu·
1298 3435 1405 3483 (JPh.
1430 3438 1536 3480 XVI,
1555 3450 1590 3480 p.
1612 3434 1686 3482 12).
