2566 3886
1090 258 1356 305 —300—

1048 519 1303 565 ELEGIA
1336 520 1397 565 II.

431 695 645 739 Primum
677 695 829 740 statim
862 695 1094 741 distichon
1126 696 1263 742 nobis
1294 699 1410 743 duas
1442 699 1740 752 quaestiones
1768 701 1950 747 criticas
1967 703 2149 749 solven-

431 790 514 835 das
556 791 648 835 dat.
690 790 819 835 Ante
862 791 1021 836 omnia
1063 791 1178 836 mihi
1210 801 1390 837 certum
1424 802 1494 838 est
1525 794 1678 846 primo
1709 811 1851 841 versu
1883 813 1992 843 cum
2025 798 2151 844 Italis

432 886 525 938 qui
556 900 643 939 pro
674 885 805 938 quid
838 901 941 931 esse
973 886 1290 940 scribendum,
1322 889 1451 942 quod
1483 890 1760 935 sententiam
1793 893 1940 938 multo
1968 894 2152 939 concin-

431 981 614 1026 niorem
646 981 853 1033 praebet.

432 1076 530 1128 Qui
562 1076 732 1122 mirare
764 1092 892 1122 meas
923 1085 990 1122 tot
1021 1077 1069 1122 in
1101 1093 1198 1123 uno
1229 1093 1429 1131 corpore
1460 1079 1647 1131 formas,

521 1171 682 1225 accipe
713 1172 967 1217 Vertumni
1000 1173 1129 1226 signa
1159 1182 1353 1227 paterna
1383 1174 1475 1219 dei.

433 1267 609 1320 signa
639 1275 922 1319 paterna:
955 1267 1030 1321 N;
1062 1268 1238 1322 signa
1280 1270 1577 1322 petenda:
1610 1270 1840 1317 FLDV

433 1361 709 1407 Lectionem
743 1361 792 1406 N
826 1377 991 1407 omnes
1023 1363 1227 1408 editores
1258 1373 1611 1417 assumpserunt
1635 1375 1833 1419 excepto
1850 1367 2153 1422 Baehrensio,

432 1457 515 1510 qui
546 1457 782 1510 profectus
813 1451 840 1502 a
865 1458 1066 1504 lectione
1090 1458 1188 1504 DV
1210 1461 1474 1512 petenda
1511 1461 1703 1514 petita
1733 1463 1959 1515 correxit3
2001 1464 2155 1518 signa

432 1569 464 1607 p
481 1561 584 1598 ate
601 1568 671 1597 rn
689 1568 717 1598 a
747 1553 861 1606 quid
893 1553 1132 1607 significet,
1165 1570 1261 1600 non
1293 1555 1355 1600 ita
1386 1556 1519 1601 facile
1551 1556 1679 1602 dictu
1696 1566 1778 1602 est.
1797 1557 2015 1604 Barthius
2031 1560 2153 1605 hanc

433 1648 563 1693 dedit
594 1649 953 1702 explicationem
986 1650 1145 1702 „disce
1177 1651 1374 1705 effigiem
1406 1653 1645 1705 antiquam
1663 1653 1914 1707 apatribus
1931 1655 2152 1701 tributam

431 1745 480 1789 in
512 1745 660 1797 patria
691 1746 840 1798 mea’',
873 1745 1076 1798 Paleyus
1109 1747 1217 1799 „the
1248 1748 1406 1799 proofs
1422 1747 1479 1792 of
1487 1748 1567 1793 the
1583 1757 1832 1802 parentage
1850 1764 1905 1795 or
1920 1751 2153 1804 paternity

432 1841 504 1885 i.e.
537 1841 592 1886 of
618 1841 696 1886 the
742 1841 899 1886 native
946 1842 1056 1886 land
1105 1842 1160 1887 of
1199 1843 1278 1887 the
1324 1844 1415 1896 god
1447 1843 1795 1898 Vertumnus”;
1830 1845 2151 1893 Rothsteinius

434 1936 676 1981 Barthium
709 1945 896 1982 secutus
927 1946 1010 1982 est.
1043 1936 1136 1983 Sed
1169 1937 1345 1983 Barthii
1378 1938 1755 1992 Rothsteiniique
1784 1939 2153 1994 interpretationi

434 2032 599 2085 obstat,
646 2034 775 2086 quod
821 2033 1056 2086 accipe
1103 2033 1360 2087 signum
1408 2034 1657 2079 durissime
1696 2034 1873 2080 dictum
1907 2045 1990 2081 est.
2023 2037 2153 2082 Usus

433 2129 564 2174 vocis
608 2145 639 2182 p
656 2144 682 2174 a
699 2138 716 2174 t
731 2144 757 2174 e
773 2145 798 2173 r
814 2145 844 2173 n
862 2145 889 2174 a
932 2129 980 2174 in
1012 2144 1200 2183 quaque
1231 2130 1398 2174 harum
1431 2129 1866 2183 interpretationum
1898 2131 2039 2177 falsus
2069 2141 2152 2178 est.

434 2224 743 2270 Housmanus
770 2225 845 2270 cui
862 2225 1123 2279 Postgatius
1139 2240 1355 2270 assensus
1371 2234 1440 2270 est
1458 2226 1658 2271 coniecit
1674 2223 1728 2284 (J
1733 2226 1819 2271 Ph.
1835 2226 1958 2272 XXI
1977 2243 2022 2281 p.
2043 2225 2154 2285 123)

433 2330 590 2374 regn
608 2336 635 2365 a
666 2330 972 2373 paterna:
1006 2322 1164 2373 „learn
1195 2321 1275 2365 the
1311 2321 1468 2366 native
1500 2322 1609 2366 land
1642 2322 1690 2366 of
1722 2322 2063 2367 Vertumnus.”

434 2415 526 2461 Sed
559 2432 654 2461 non
687 2417 838 2461 solum
869 2417 930 2461 de
962 2417 1110 2469 patria
1140 2416 1394 2461 Vertumni
1417 2417 1506 2470 agit
1523 2425 1683 2469 poeta;
1701 2417 1911 2462 diversas
1929 2417 2005 2463 dei
2021 2417 2150 2463 vices

433 2521 573 2565 atque
605 2512 772 2565 figuras
804 2511 1014 2557 nominat
1044 2512 1348 2564 illustratque.

435 2607 565 2659 Quid
612 2606 786 2661 igitur?
833 2607 1011 2652 Noster
1056 2608 1187 2653 locus
1233 2607 1348 2653 mihi
1389 2608 1437 2652 in
1476 2623 1641 2653 eorum
1673 2623 1873 2653 numero
1904 2608 2150 2654 habendus

434 2718 537 2748 esse
568 2703 770 2755 videtur,
803 2718 898 2756 quo
932 2702 977 2748 O
1010 2703 1203 2756 vestigia
1233 2703 1335 2748 veri
1368 2703 1534 2748 melius
1567 2711 1756 2747 servant
1787 2718 1928 2755 quam
1946 2704 2149 2757 optimus

434 2797 789 2851 Neapolitanus.
854 2798 1002 2842 Recte
1063 2797 1190 2842 enim
1254 2798 1566 2843 Baehrensius
1613 2799 1889 2844 emendasse
1938 2799 2149 2845 videtur:

434 2894 594 2947 accipe
625 2893 881 2939 Vertumni
912 2893 1041 2948 signa
1071 2894 1214 2947 petita
1245 2893 1336 2938 dei.

434 2990 787 3035 Pentametrum
835 2990 896 3034 ita
942 2998 1207 3034 correctum
1258 2997 1417 3034 verto:
1451 2989 1610 3042 accipe
1642 3004 1698 3033 ea
1728 2989 1857 3042 signa
1887 3004 1947 3034 ex
1978 2989 2149 3043 quibus

432 3085 753 3130 Vertumnum
784 3093 1037 3138 agnoscere
1068 3085 1145 3129 vel
1178 3094 1461 3138 cognoscere
1477 3083 1640 3137 possis,
1658 3083 1833 3137 quippe
1851 3084 1932 3137 qui
1950 3084 2148 3138 mireris,

434 3181 576 3225 deum
608 3189 675 3225 tot
704 3181 879 3226 formas
911 3181 1099 3233 habere,
1132 3190 1183 3226 ut
1214 3181 1294 3225 vix
1325 3181 1456 3232 scias,
1476 3188 1634 3225 utrum
1650 3180 1970 3225 Vertumnum
1986 3180 2148 3225 videas

433 3290 492 3319 an
523 3275 666 3320 alium
698 3276 935 3329 quendam
968 3276 1110 3320 deum
1142 3275 1365 3329 ignotum.

434 3370 623 3423 Operae
670 3371 873 3423 pretium
923 3379 992 3415 est
1029 3370 1283 3415 observare
1330 3371 1455 3415 idem
1488 3370 1653 3415 vitium
1686 3370 1881 3423 reperiri
1914 3369 2007 3415 Ov.
2040 3369 2145 3414 Art.

433 3466 545 3510 Am.
579 3466 614 3517 Ι,
650 3465 759 3510 113:
