2566 3886
339 876 411 921 20.

333 2115 406 2160 21.

333 2399 405 2445 23.

335 2685 407 2730 37.

335 2970 407 3015 40.

1138 261 1405 307 -178-

474 412 722 448 consutum
752 418 869 455 esse,
901 418 1124 448 versuum
1172 414 1329 449 autem
1375 404 1590 449 ordinem
1623 405 1670 449 in
1703 406 1829 450 hunc
1860 406 2054 451 modum
2086 421 2188 452 esse

473 498 835 543 restituendum:
886 497 1080 550 19—22;
1129 498 1293 551 1——12;
1326 497 1522 551 23—30;
1555 498 1751 551 33—36;
1786 498 1856 544 31.
1889 498 1960 553 32;
1994 499 2188 553 13-18;

473 592 650 638 37—40
681 602 780 638 aut:
803 591 844 651 1)
876 593 1069 646 19-22;
1105 593 1269 646 1-12’;
1301 593 1497 646 23—-24;
1539 593 1732 647 13—18;
1766 593 1961 647 25—30;
1993 594 2189 649 33—36;

472 687 543 732 31.
576 687 654 741 32;
687 687 877 733 37-40.
912 689 1106 734 Restant
1137 703 1310 741 paucae
1342 689 1638 742 quaestiones
1669 689 1869 734 criticae.

475 877 569 922 Pro
601 878 682 922 lit
698 893 727 923 o
744 894 768 922 r
784 893 811 923 a
842 894 873 922 n
891 893 920 923 o
936 887 954 923 t
970 894 997 923 a
1027 894 1135 923 cum
1156 878 1389 932 Postgatio
1412 878 1714 923 scribendum
1737 894 1839 924 esse
1862 879 2025 924 litora
2047 889 2190 926 muta

471 972 863 1017 verisimillimum
896 973 1098 1025 videtur,
1130 973 1188 1018 cf.
1221 972 1328 1018 Sen.
1362 973 1509 1017 Herc.
1541 973 1656 1017 Fur.
1688 972 1803 1018 536:

471 1067 560 1113 533
592 1068 783 1113 intravit
814 1067 1031 1120 Scythiae
1063 1068 1336 1121 multivagas
1367 1068 1535 1113 domos

589 1172 636 1208 et
667 1173 828 1217 gentes
859 1164 1019 1217 patriis
1051 1164 1243 1209 sedibus
1274 1163 1493 1216 hospitas,

470 1258 557 1303 535
590 1259 880 1312 calcavitque
910 1259 1014 1304 freti
1046 1268 1173 1312 terga
1203 1259 1398 1312 rigentia

591 1363 637 1398 et
669 1354 869 1398 mutis
900 1354 1091 1398 tacitum
1123 1354 1385 1398 litoribus
1418 1369 1560 1398 mare.

586 1449 679 1494 illic
711 1450 830 1494 dura
859 1458 1019 1494 carent
1050 1464 1255 1502 aequora
1285 1448 1520 1501 fluctibus,

588 1553 635 1589 et
666 1559 760 1598 qua
790 1545 930 1596 plena
960 1552 1082 1588 rates
1115 1544 1305 1588 carbasa
1335 1545 1598 1596 tenderent,

588 1639 784 1684 intonsis
815 1639 981 1683 teritur
1012 1639 1178 1683 semita
1209 1638 1442 1683 Sarmatis.

468 1734 596 1780 Cum
622 1734 727 1779 viro
759 1735 899 1779 docto
931 1733 1130 1779 Carutti‘.
1147 1733 1362 1778 versibus
1381 1733 1555 1778 19—22
1573 1748 1840 1778 sermonem
1858 1748 1960 1779 esse
1975 1734 2188 1787 suspicor

468 1831 528 1875 de
561 1830 686 1875 bello
717 1830 840 1875 inter
871 1830 1122 1875 Phraatem
1142 1829 1497 1883 Tiridatemque
1514 1829 1594 1883 qui
1611 1830 1671 1874 de
1687 1838 1832 1890 regno
1848 1821 2188 1874 contendentes

466 1926 661 1979 patriam
691 1925 906 1971 fraternis
938 1925 1160 1970 caedibus
1191 1925 1454 1969 foedabant.

469 2116 580 2161 Hoc
611 2131 754 2160 versu
786 2115 1036 2160 lectionem
1070 2114 1115 2160 O
1149 2124 1568 2168 spargereque
1604 2114 1792 2159 lectioni
1824 2113 1875 2158 N
1904 2122 2186 2167 spargere

467 2226 494 2255 e
508 2219 526 2254 t
538 2211 875 2263 preferendum
888 2225 991 2255 esse
1005 2210 1120 2254 mihi
1134 2209 1363 2262 persuasit
1378 2209 1685 2254 Housmanus
1696 2207 1750 2266 (J
1754 2209 1840 2253 Ph.
1852 2207 1989 2260 XXI,
2000 2225 2046 2262 p.
2062 2206 2189 2266 151.)

469 2400 580 2445 Hoc
613 2415 755 2445 versu
790 2399 1108 2445 Baehrensius
1140 2409 1186 2444 et
1218 2399 1478 2453 Postgatius
1495 2414 1581 2452 pro
1609 2415 1640 2444 u
1655 2415 1685 2443 n
1700 2414 1727 2443 a
1754 2398 1924 2443 iniuria
1939 2398 2190 2444 ediderunt

467 2510 676 2540 unum·

469 2685 546 2729 hic
579 2684 660 2729 ubi
693 2700 770 2729 me
802 2693 1002 2729 statuent
1030 2685 1078 2729 in
1110 2693 1241 2738 parte
1272 2685 1473 2729 choreae

472 2779 600 2826 Cum
633 2778 761 2824 Italis
792 2795 879 2833 pro
911 2796 958 2825 m
976 2795 1003 2825 e
1034 2780 1284 2833 legendum
1315 2788 1379 2825 te.

470 2986 579 3015 nam
611 2970 712 3014 sine
743 2979 789 3014 te
820 2978 1032 3015 nostrum
1064 2985 1159 3014 non
1192 2970 1316 3014 valet
1347 2969 1585 3022 ingenium

467 3080 563 3110 non
611 3065 839 3109 debuerat
885 3064 1198 3109 Baehrensius
1245 3065 1384 3108 sine
1416 3079 1486 3108 eo
1528 3062 1769 3114 conicere;
1816 3062 1875 3107 ad
1921 3070 1979 3105 te
2022 3068 2180 3105 mente

467 3160 806 3212 supplendum:
839 3174 868 3204 o
907 3159 1165 3210 Bacche,
1197 3159 1253 3203 cf.
1287 3173 1373 3203 nos
1403 3159 1463 3202 ad
1496 3158 1558 3210 II,
1592 3156 1661 3209 13,
1696 3155 1764 3201 16.

383 3384 414 3429 ¹)
463 3387 523 3421 Sic
551 3394 675 3420 tamen
701 3387 812 3420 nimis
837 3387 1038 3420 obscurum
1065 3393 1134 3426 est,
1160 3386 1333 3426 quidnam
1359 3386 1403 3418 nd
1428 3384 1543 3419 verba
1568 3384 1624 3417 mi
1649 3394 1780 3417 nemo
1803 3383 1983 3417 obiciat
2008 3381 2177 3422 supplen-

333 3448 420 3481 dum
447 3446 506 3487 nit,
532 3453 759 3487 quopropter
785 3445 948 3480 Caruttii
974 3445 1283 3485 transpositiones
1310 3445 1431 3478 minuc
1455 3444 1584 3484 probo.
