2566 3886
410 3398 440 3444 ¹)

1163 274 1431 323 —164—

506 406 553 455 Si
584 407 690 464 quis
721 407 920 462 primam
953 409 1173 455 carminis
1204 418 1399 463 partem,
1431 426 1552 465 quae
1584 427 1725 457 versu
1757 410 1814 457 32

654 514 701 550 et
732 505 849 550 deus
881 513 927 550 et
959 505 1106 550 durus
1136 505 1335 550 vertitur
1366 506 1466 558 ipse
1497 506 1598 552 dies

503 600 749 652 clauditur,
781 608 955 644 attente
1001 600 1208 654 perlegit,
1255 600 1356 645 fieri
1388 615 1483 646 non
1515 609 1680 654 potest,
1711 602 1825 656 quin
1857 603 2024 648 sentiat
2054 618 2219 649 versus

501 694 678 740 33-34
710 704 814 748 post
845 693 1022 740 31—32
1054 695 1187 749 sequi
1218 710 1314 740 non
1346 710 1498 748 posse.

499 789 542 835 T
557 790 571 835 i
585 790 657 843 bi,
702 791 763 835 de
795 790 911 835 Iove
942 790 1134 842 dictum,
1166 799 1414 844 postquam
1446 799 1584 843 poeta
1598 791 1988 844 praecedentibus
2004 793 2220 839 versibus

500 886 704 939 puellam
722 886 921 932 allocuta
936 895 1019 939 est,
1038 885 1340 932 durissimum
1357 895 1441 939 est,
1450 887 1533 932 sed
1553 887 1679 932 aliud
1693 887 1879 941 gravius
1892 897 2217 942 argumentum

500 982 753 1027 habemus:
796 997 987 1027 carmen
1035 991 1246 1028 nostrum
1293 982 1473 1036 trilogia
1517 983 1748 1037 quaedam
1795 991 1865 1028 est
1910 992 2076 1037 magna
2120 992 2219 1029 arte

499 1078 757 1130 composita
802 1078 878 1130 ita,
925 1086 976 1123 ut
1022 1078 1069 1123 in
1116 1078 1273 1131 priore
1311 1087 1443 1131 parte
1474 1094 1567 1132 qua
1597 1087 1736 1131 poeta
1766 1078 1902 1124 nobis
1933 1087 2102 1131 narrat,
2133 1094 2219 1124 cur

498 1174 655 1227 puella
695 1183 832 1228 aegra
861 1174 984 1219 facta
1014 1173 1085 1226 sit,
1117 1174 1311 1219 morbus
1343 1189 1438 1219 non
1470 1183 1564 1219 tam
1596 1174 1749 1228 gravis
1763 1172 1805 1232 1)
1848 1174 2137 1228 depingatur,
2170 1174 2217 1220 in

497 1271 641 1314 altera
687 1277 817 1321 parte
864 1268 1058 1313 morbus
1104 1277 1434 1321 aggravescere
1487 1268 1716 1322 videatur,
1762 1278 2000 1322 postremo
2061 1277 2217 1314 autem

497 1364 706 1409 carmine
744 1363 988 1409 audiamus
1019 1363 1223 1415 puellam
1256 1363 1477 1415 paulatim
1509 1364 1856 1416 convalescere,
1888 1364 2078 1409 tandem
2109 1377 2217 1409 suas

495 1459 622 1504 vires
668 1459 916 1512 recepisse.
965 1459 1050 1503 Illa
1095 1473 1148 1504 re
1193 1458 1317 1504 bene
1349 1467 1588 1513 perspecta
1625 1459 1849 1512 sequitur,
1881 1467 1931 1504 ut
1962 1473 2128 1504 versus
2159 1457 2218 1503 32

497 1554 662 1609 prioris
696 1555 835 1609 partis
867 1554 971 1599 finis
1004 1569 1107 1599 esse
1139 1554 1324 1599 debeat.

496 1649 747 1704 Nusquam
765 1659 920 1695 autem
935 1650 1102 1695 melius
1119 1649 1231 1703 poni
1248 1657 1444 1702 possunt
1462 1663 1531 1694 vs.
1551 1648 1620 1694 33.
1640 1648 1710 1694 34.
1730 1664 1871 1702 quam
1888 1658 1993 1702 post
2008 1649 2214 1703 primum

498 1745 744 1790 distichon.
778 1744 906 1790 Nam
938 1760 1060 1799 quae
1093 1745 1426 1790 Lachmannus
1457 1754 1619 1790 contra
1653 1746 1774 1790 hanc
1806 1744 2215 1799 transpositionem

494 1840 639 1894 affert,
649 1841 785 1886 facile
801 1840 1017 1894 redargui
1025 1849 1233 1894 possunt.
1243 1839 1380 1893 „Nec
1388 1841 1551 1885 tertius
1557 1841 1767 1892 versus’'‚
1775 1839 1926 1894 inquit
1934 1854 1990 1892 „a
2005 1827 2215 1885 secundo

494 1936 698 1989 separari
731 1936 907 1989 debuit,
940 1951 1028 1981 nec
1045 1951 1211 1981 versus
1229 1935 1283 1980 41
1302 1936 1493 1989 intelligi
1510 1944 1675 1988 potest,
1693 1935 1781 1980 nisi
1798 1935 1874 1980 hic
1892 1935 1984 1980 iam
2003 1934 2213 1989 Iuppiter

498 2032 802 2086 appelletur'’.
834 2030 926 2076 Sed
959 2040 1062 2084 post
1097 2031 1135 2084 1,
1168 2031 1210 2084 2,
1242 2030 1314 2084 33,
1346 2030 1404 2076 34
1435 2031 1611 2085 optime
1643 2030 1872 2084 sequitur:

616 2126 763 2172 Venit
794 2127 920 2171 enim
952 2135 1151 2180 tempus,
1184 2141 1279 2180 quo
1309 2126 1514 2171 torridus
1546 2134 1723 2172 aestuat
1753 2140 1857 2179 aer;

499 2222 537 2267 si
581 2222 708 2267 enim
735 2237 902 2267 verum
946 2230 1029 2274 est,
1062 2222 1190 2275 quod
1222 2221 1368 2274 Paley
1399 2221 1573 2274 scribit,
1605 2236 1890 2275 quamquam
1922 2235 2030 2266 cum
2064 2220 2212 2265 Lach-

498 2332 672 2361 manno
715 2325 825 2361 stat:
875 2316 1061 2368 „enim
1092 2316 1241 2361 refers
1271 2325 1320 2360 to
1363 2325 1621 2369 mortua,
1665 2317 1757 2361 and
1790 2316 1974 2369 implies
2004 2316 2102 2361 that
2132 2315 2212 2360 the

497 2413 645 2465 hopes
661 2412 709 2456 of
738 2412 826 2456 her
855 2426 1087 2464 recovery
1117 2426 1245 2456 were
1277 2411 1361 2456 but
1391 2411 1527 2464 slight
1557 2420 1602 2456 at
1632 2412 1730 2456 that
1761 2411 2031 2463 season'’,
2063 2425 2213 2465 aeque

496 2507 619 2552 bene
662 2506 820 2551 enim
864 2521 914 2551 se
946 2506 1086 2552 habet
1117 2506 1299 2559 opinor,
1331 2506 1369 2551 si
1401 2507 1517 2551 haec
1550 2507 1863 2560 praecedunt:

496 2602 746 2656 Frangitur
777 2611 823 2646 et
855 2602 990 2654 Iuno,
1022 2602 1060 2647 si
1092 2617 1185 2656 qua
1215 2603 1371 2655 puella
1401 2602 1585 2655 perit.

497 2696 607 2749 „Ne
653 2697 772 2751 quis,
803 2697 954 2751 inquit
985 2696 1272 2751 Propertius,
1304 2713 1381 2742 me
1422 2697 1587 2750 perit
1619 2697 1777 2742 dicere
1809 2696 2019 2750 miretur,
2050 2711 2211 2742 secum

495 2801 693 2845 reputet,
756 2793 893 2846 quale
955 2800 1140 2845 tempus
1181 2792 1291 2836 anni
1354 2791 1434 2836 sit:
1493 2791 1671 2836 venit
1715 2791 1877 2836 enim
1921 2790 2210 2843 tempus.’'

495 2887 572 2932 De
618 2888 763 2932 altero
811 2886 1102 2931 Lachmanni
1149 2894 1422 2940 argumento
1469 2885 1672 2931 observo
1715 2886 2019 2931 miserere
2068 2900 2211 2931 versu

494 2983 549 3028 41
583 2998 610 3028 a
640 2997 830 3036 quoque
861 2982 1149 3027 intellectum
1181 2981 1252 3034 iri,
1284 2982 1411 3035 quod
1444 2981 1663 3026 carminis
1700 2996 1807 3034 pars
1844 2981 1995 3034 prima
2024 2996 2052 3026 a
2084 2980 2210 3026 Iovis

495 3077 686 3122 nomine
718 3077 898 3129 incipit;
916 3076 1062 3130 elegia
1077 3085 1248 3128 autem,
1265 3076 1481 3130 quamvis
1512 3092 1572 3121 ex
1598 3076 1745 3122 tribus
1776 3076 1985 3129 partibus
2015 3083 2209 3127 constet,

493 3187 587 3218 una
618 3180 700 3217 est.

489 3402 535 3435 cs.
560 3412 709 3435 vernum
738 3400 799 3433 16:
826 3407 994 3433 extremo
1019 3399 1144 3433 veniet
1171 3399 1318 3432 mollior
1343 3399 1434 3432 hora
1459 3399 1522 3432 die

736 3471 803 3505 322
828 3477 866 3504 ct
890 3473 981 3505 deus
1006 3477 1044 3504 et
1069 3471 1182 3504 durus
1206 3469 1365 3504 vertitur
1389 3469 1467 3510 ipsc
1493 3470 1584 3504 dies.
