2566 3886
1168 269 1437 316 —258—

374 399 445 444 31.
508 400 717 453 Ingenue
761 401 909 446 fateor
951 415 1028 445 me
1065 401 1195 452 haec,
1228 400 1347 446 sicut
1377 400 1543 445 tradita
1574 409 1696 453 sunt,
1727 415 1823 446 non
1855 401 2136 456 intelligere:
2169 418 2228 448 ex

507 495 765 541 Burmanni
797 495 1066 541 coniectura
1095 495 1264 540 leniter
1294 504 1470 540 mutata
1500 495 1830 549 corrigendum
1862 505 2002 549 puto:

657 606 746 636 nec
777 606 898 645 quae
929 591 1022 636 sint
1051 590 1208 636 faciles
1239 606 1327 636 nec
1349 605 1471 645 quae
1493 591 1607 636 dent
1629 591 1776 636 verba
1797 591 1976 645 roganti

727 687 956 739 invenias,

506 782 634 835 quod
666 781 967 827 Hartmanno
995 797 1186 836 quoque
1215 797 1383 827 verum
1413 781 1614 827 videtur.
1645 781 1752 834 Ipse
1768 781 2079 827 Burmannus:
2109 797 2226 834 „nec

503 892 625 931 quae
657 877 715 922 sit
744 877 890 922 facilis
922 892 1010 922 nec
1042 892 1163 931 quae
1195 877 1274 922 det
1305 877 1453 923 verba
1483 877 1690 931 rogant?
1723 877 1979 930 proposuit.

1099 1255 1355 1303 ELEGIA
1385 1256 1497 1302 XV.

404 1412 445 1457 3.
509 1412 578 1458 Ut
609 1412 723 1458 mihi
755 1411 982 1466 praetexti
1013 1413 1169 1465 pudor
1199 1420 1268 1457 est
1299 1412 1479 1457 velatus
1510 1411 1706 1457 amictus

505 1509 571 1554 sie
617 1522 783 1553 versus
830 1507 877 1552 in
926 1506 975 1551 N
1024 1506 1203 1560 legitur,
1235 1506 1324 1551 nisi
1356 1506 1484 1560 quod
1516 1506 1681 1551 amic
1700 1521 1768 1551 us
1801 1521 1888 1559 pro
1918 1506 2219 1553 amictus.

503 1603 693 1648 Palmer
723 1600 938 1660 (praefat.
956 1618 1001 1656 p.
1018 1600 1139 1659 XL)
1167 1602 1230 1647 ita
1256 1602 1491 1656 explicare
1519 1610 1742 1647 conatur:
1776 1610 2051 1656 „postquam
2067 1603 2222 1656 pudor

503 1698 695 1752 puerilis
726 1713 870 1750 quem
901 1712 1062 1742 secum
1094 1706 1361 1751 praetextus
1376 1697 1572 1743 amictus
1587 1697 1768 1743 ferebat
1783 1706 1887 1751 toga
1901 1697 2024 1743 virili
2041 1698 2221 1744 velatus

504 1795 615 1839 est''.
649 1793 808 1838 Nimis
838 1793 1053 1838 obscure.
1099 1792 1149 1838 V
1165 1807 1192 1837 e
1209 1793 1223 1837 1
1240 1807 1268 1837 a
1283 1801 1301 1837 t
1316 1808 1347 1838 u
1365 1808 1386 1838 s
1432 1801 1705 1846 corruptum
1742 1801 1838 1846 est;
1877 1792 2220 1848 Hertzbergius

502 1890 684 1934 elatu
701 1904 736 1942 s,
784 1890 868 1934 sed
915 1905 942 1934 e
956 1889 995 1933 ff
1003 1904 1031 1934 e
1047 1904 1071 1933 r
1087 1903 1114 1933 e
1131 1904 1162 1933 n
1180 1888 1242 1933 di
1289 1889 1505 1941 verbum,
1552 1890 1681 1943 quod
1728 1888 1923 1942 legimus
1954 1889 2079 1942 apud
2112 1889 2218 1934 Liv.

498 1985 686 2037 XXIV,
704 1985 775 2030 22.
794 1985 848 2030 17
867 2000 879 2029 ι
897 1984 1283 2038 „periculumque
1300 1984 1462 2038 ingens
1484 1993 1642 2029 manet
1657 1984 1745 2029 nisi
1761 1984 1864 2038 paci
1877 1992 1924 2029 et
1939 1984 2219 2030 concordiae

501 2080 755 2133 consulitis,
787 2095 848 2126 ne
879 2080 1027 2125 libera
1057 2095 1084 2125 e
1102 2080 1128 2124 f
1137 2079 1162 2124 f
1171 2094 1198 2124 e
1215 2094 1239 2124 r
1254 2094 1283 2127 a
1298 2088 1316 2124 t
1331 2095 1363 2124 u
1379 2095 1404 2124 r
1434 2078 1727 2133 respublica'’
1759 2087 1919 2124 nostro
1950 2079 2055 2124 loco
2080 2079 2219 2125 nimis

501 2177 657 2222 inflate
688 2176 866 2221 dictum
894 2176 1096 2220 videtur.
1130 2174 1453 2220 Rothsteinius
1482 2174 1754 2219 Vahlenum
1772 2183 1958 2220 secutus
1988 2174 2217 2226 ablatus,

502 2271 690 2316 Heinsii
734 2271 1066 2322 coniecturam,
1098 2270 1288 2324 recepit.
1322 2269 1446 2315 Mihi
1479 2269 1701 2315 Italorum
1733 2269 1978 2314 inventum
2010 2284 2032 2314 s
2047 2285 2079 2315 u
2095 2269 2127 2314 b
2143 2269 2158 2314 1
2174 2284 2218 2315 a·

500 2376 518 2412 t
534 2382 601 2412 us
620 2365 656 2424 1)
689 2366 893 2411 maxime
923 2366 1087 2419 placet.

501 2462 718 2508 Barthius
764 2470 810 2506 et
842 2461 1189 2512 Lachmannus,
1220 2460 1301 2514 qui
1332 2474 1523 2505 versum
1555 2459 1621 2505 sic
1653 2459 1928 2504 ediderunt:
1960 2474 1991 2504 u
2008 2467 2026 2503 t
2057 2474 2104 2504 m
2122 2459 2137 2504 i
2153 2459 2216 2504 hi

500 2565 895 2611 praetextae
926 2556 1141 2609 pudor
1171 2563 1270 2600 est
1300 2555 1570 2599 velatus
1601 2554 1847 2599 amictu
1878 2554 2063 2599 refutati
2109 2563 2217 2599 sunt

500 2653 677 2707 optima
708 2650 1011 2704 Hertzbergii
1042 2650 1385 2702 observatione,
1417 2657 1703 2703 praetextam
1720 2648 1908 2694 amictui
1926 2649 2101 2702 opponi
2119 2664 2215 2695 non

499 2762 650 2802 posse,
667 2762 776 2792 cum
794 2746 991 2791 candida
1010 2754 1114 2799 toga
1129 2760 1225 2790 non
1242 2744 1387 2798 magis
1406 2759 1547 2798 quam
1563 2751 1803 2797 praetexta
1833 2759 1861 2789 a
1876 2759 1923 2788 m
1940 2744 1955 2788 i
1971 2759 1997 2789 c
2013 2753 2031 2789 t
2046 2760 2077 2789 u
2093 2759 2116 2789 s
2143 2745 2214 2790 sit.

499 2842 784 2896 Corruptela
829 2850 931 2886 orta
976 2849 1059 2893 est,
1106 2849 1354 2894 postquam
1397 2840 1548 2885 littera
1594 2854 1616 2884 s
1662 2848 1766 2892 post
1801 2847 1819 2884 t
1848 2839 2047 2884 litteram
2079 2839 2214 2884 verbi

498 2953 525 2983 e
543 2952 566 2983 s
581 2947 599 2983 t
629 2937 892 2982 intercidit:
925 2951 952 2980 e
969 2951 990 2981 s
1007 2945 1024 2980 t
1070 2951 1101 2981 u
1118 2935 1149 2980 b
1166 2936 1181 2980 1
1196 2950 1224 2980 a
1240 2944 1257 2980 t
1273 2951 1305 2981 u
1321 2950 1357 2987 s,
1388 2935 1517 2988 quod
1547 2933 1938 2992 παραδιορθώσει
1968 2933 2017 2979 ἰιι
2048 2949 2080 2979 ιι
2095 2948 2123 2980 e
2139 2934 2155 2979 l
2170 2948 2214 2979 a·

498 3043 566 3080 tu
582 3048 604 3079 s
635 3041 863 3079 mutatum
896 3040 979 3078 est.

395 3230 437 3275 7.
500 3229 661 3275 tertius
692 3244 720 3273 a
736 3244 767 3273 ιι
784 3237 802 3273 t
834 3228 981 3273 multo
1013 3227 1168 3272 minus
1200 3235 1283 3279 est,
1315 3241 1423 3272 cum
1456 3225 1644 3271 ducitur
1673 3240 1837 3270 annus.

499 3333 633 3369 aut:
667 3323 738 3376 N;
771 3324 872 3377 lege
902 3324 1062 3368 haut
1091 3338 1199 3368 cum
1233 3321 1294 3367 O.

413 3473 443 3518 ¹)
494 3471 557 3511 Sic
584 3474 829 3509 Baehremiu·
856 3469 1069 3514 Panaetius
1097 3472 1338 3506 Hartmanus.
