2566 3886
1107 277 1372 322 —241—

450 406 602 451 mollis
633 415 682 452 tu
713 415 907 460 coeptae
936 407 1088 452 fautor
1117 423 1232 460 cape
1264 409 1363 452 lora
1393 408 1626 461 iuventae,

524 503 811 556 dexteraque
857 502 1075 548 immissis
1112 503 1172 546 da
1210 502 1324 547 mihi
1362 503 1491 557 signa
1520 504 1648 556 rotis,

450 598 710 642 dummodo
763 613 870 643 cum
926 597 1226 642 Broukhusio
1272 598 1488 643 mollia
1534 614 1621 652 pro
1668 599 1880 644 mollis
1920 598 2161 644 scribatur.

449 692 629 738 Versus
675 693 903 739 sententia
947 708 1069 747 quae
1114 693 1185 745 sit,
1232 693 1416 738 videbis
1462 695 1586 746 apud
1635 693 2008 739 Rothsteinium:
2056 694 2162 746 „die

449 787 802 841 Aufforderung
844 789 1019 833 enthiilt
1050 788 1127 834 die
1171 788 1460 842 Bedingung,
1503 798 1642 834 unter
1672 790 1758 834 der
1789 790 1888 834 sich
1920 790 1997 834 ein
2030 789 2163 835 Fort-

450 882 625 934 schritt,
671 883 763 928 wie
809 898 863 927 er
908 883 1029 928 eben
1061 883 1109 928 in
1142 883 1367 928 Aussicht
1404 884 1582 937 gestent
1619 885 1816 928 worden
1855 884 1925 936 ist,
1963 885 2038 928 fiir
2068 885 2161 929 den

447 976 619 1031 iungen
668 977 865 1022 Dichter
907 986 1138 1023 erwarten
1180 979 1332 1023 liisst'&
1365 976 1457 1023 Sed
1489 988 1588 1024 tum
1621 980 1773 1024 fautor
1804 994 1899 1024 non
1932 994 1978 1023 m
1998 980 2058 1024 ol
2077 979 2162 1024 lis

449 1073 561 1125 erit;
600 1081 651 1117 ut
681 1073 780 1118 lora
810 1073 968 1118 mollia
998 1089 1025 1118 e
1056 1073 1151 1118 suis
1183 1073 1399 1118 manibus
1430 1073 1594 1126 capiat,
1616 1082 1744 1126 rogat
1764 1082 1915 1127 poeta,
1932 1074 1989 1118 cf.
2009 1073 2161 1127 Postg.

450 1166 615 1213 Select.
650 1167 721 1212 ΕΙ.
754 1183 798 1220 p.
834 1166 932 1213 180.

448 1262 576 1314 Quid
609 1272 764 1308 autem
796 1272 901 1316 post
931 1264 1022 1308 hoc
1053 1263 1285 1309 distichon
1317 1262 1542 1309 additur?

597 1359 687 1403 hoc
718 1358 846 1410 mihi,
880 1358 1150 1410 Maecenas,
1182 1359 1331 1404 laudis
1363 1358 1598 1411 concedis,
1631 1367 1677 1403 et
1708 1374 1734 1403 a
1765 1367 1810 1403 te
1842 1368 1911 1403 est

715 1453 842 1506 quod
875 1454 997 1497 ferar
1027 1452 1075 1497 in
1108 1462 1262 1505 partes
1294 1453 1393 1506 ipse
1425 1454 1566 1499 fuisse
1599 1462 1713 1499 tuas.

447 1549 689 1594 Postrema
730 1563 837 1602 pars
878 1548 1134 1593 sententiae
1178 1547 1225 1592 in
1268 1549 1394 1593 hunc
1436 1549 1591 1594 locum
1631 1549 1824 1594 minime
1855 1550 2078 1603 quadrat:
2111 1559 2161 1594 ut

448 1644 574 1689 enim
620 1643 874 1688 Maecenas
918 1658 1105 1696 semper
1147 1644 1451 1696 simplicitatis
1482 1659 1643 1690 amans
1675 1653 1758 1697 est,
1790 1645 1856 1690 sic
1888 1644 2161 1698 Propertius

446 1753 637 1792 quoque
668 1738 763 1783 suis
793 1737 1028 1783 amatoriis
1053 1738 1338 1783 carminibus
1361 1747 1607 1784 contentus
1629 1747 1723 1784 ests
1746 1740 1987 1792 quomodo
2004 1748 2158 1784 autem

450 1849 575 1879 nunc
624 1833 716 1878 dici
763 1842 913 1887 potest
959 1833 1232 1885 Propertius
1277 1835 1546 1887 exemplum
1595 1834 1886 1880 Maecenatis
1932 1835 2079 1888 sequi,
2122 1835 2159 1880 si

447 1938 623 1975 mutato
668 1928 862 1973 consilio
907 1928 1114 1973 carmina
1159 1928 1292 1982 epica
1337 1944 1623 1983 componere
1667 1929 1867 1983 incipit?
1914 1930 2164 1976 Praeterea

447 2038 668 2078 praesens
712 2031 806 2068 est
850 2037 936 2068 nos
981 2023 1163 2075 retinet,
1211 2023 1464 2075 quominus
1511 2024 1573 2069 ita
1604 2025 1979 2077 interpretemur.
2013 2024 2163 2078 Supra

446 2119 666 2170 vidimus,
713 2117 914 2163 dubitari
960 2133 1112 2171 posse,
1159 2134 1411 2172 quemnam
1454 2128 1591 2173 poeta
1619 2120 1880 2173 alloquatur
1910 2120 2069 2165 verbis
2100 2129 2118 2165 t
2134 2136 2161 2165 e

447 2214 614 2258 duce.
647 2213 775 2257 Ante
807 2213 855 2257 id
887 2213 1118 2258 distichon
1150 2213 1187 2258 si
1217 2229 1383 2259 versus
1406 2213 1477 2259 59.
1500 2213 1558 2259 60
1582 2215 2018 2268 transposuerimus‚
2046 2216 2161 2260 nihil

446 2307 634 2352 obscuri
665 2307 854 2352 restabit
884 2308 1135 2360 omniaque
1167 2324 1307 2362 quam
1331 2309 1547 2354 facillime
1570 2310 1841 2362 procedent.
1872 2311 2036 2364 Itaque
2064 2326 2160 2355 non

447 2402 644 2447 dubium
676 2412 758 2454 est,
790 2402 903 2455 quin
938 2403 1269 2449 Lachmannus
1290 2402 1331 2462 1)
1362 2420 1528 2449 verum
1561 2404 1744 2449 viderit.

1069 2730 1323 2777 ELEGIA
1355 2731 1417 2775 X.

445 2861 658 2906 Mirabar
688 2862 912 2914 quidnam
945 2861 1176 2906 misissent
1208 2876 1345 2906 mane
1377 2860 1618 2906 Camenae

447 2955 522 3000 Sic
553 2971 661 3000 cum
693 2955 933 3000 codicibus
964 2956 1176 3009 plerique
1208 2956 1416 3000 scribunt
1447 2957 1664 3008 editores,
1697 2971 1724 3000 e
1741 2972 1942 3009 quorum
1958 2972 2157 3001 numero

450 3050 768 3095 Rothsteinius
800 3052 915 3095 haec
947 3050 1109 3095 habet:
1143 3050 1452 3102 „misissent
1483 3050 1603 3094 wird
1635 3060 1728 3095 erst
1760 3051 1910 3095 durch
1943 3051 2157 3103 signum

365 3225 394 3272 1)
445 3229 644 3262 Hetzelius
681 3225 910 3271 (Programm
948 3231 982 3262 d.
1018 3229 1110 3262 Koa.
1137 3228 1273 3270 Gymn.
1300 3241 1347 3262 zu
1374 3229 1603 3269 Dillenburg,
1632 3228 1734 3269 1876,
1761 3240 1793 3268 p.
1822 3225 1883 3271 19)
1908 3240 2038 3263 versus
2065 3230 2157 3263 47—

316 3287 360 3322 57
398 3295 482 3322 ante
519 3299 668 3322 versum
699 3287 743 3321 21
770 3295 1010 3327 transponere
1036 3288 1115 3323 vult
1142 3285 1242 3330 („wo
1267 3289 1383 3322 durch
1407 3288 1467 3321 die
1495 3287 1659 3321 Partikel
1684 3294 1729 3321 at
1755 3299 1813 3321 am
1839 3287 2008 3329 Antange
2035 3289 2157 3323 dieses

315 3347 456 3381 venes
493 3347 575 3380 eine
612 3346 797 3380 deutliche
837 3346 1048 3388 Beziehung
1084 3348 1215 3387 erhfilt,
1241 3347 1300 3381 die
1326 3354 1431 3381 sonst
1456 3346 1558 3379 nicht
1584 3346 1838 3380 nachweisbar
1863 3347 1943 3380 sein
1968 3344 2157 3390 di‘irste'’);

316 3407 380 3439 sed
406 3406 444 3439 in
469 3406 580 3439 talem
606 3412 821 3440 contextum
847 3417 921 3440 non
946 3407 1102 3446 quadrat
1127 3417 1258 3441 versus
1284 3406 1352 3440 52:
1390 3417 1409 3440 c
1424 3417 1441 3439 r
1457 3417 1576 3439 esca
1591 3413 1605 3439 t
1643 3412 1680 3439 et
1706 3405 1755 3438 in
1770 3411 1824 3446 ge
1839 3407 1925 3439 niu
1940 3418 1975 3439 m
2002 3407 2069 3440 sub
2095 3414 2157 3440 tua

316 3475 415 3499 iussa
441 3475 574 3498 meum.

1970 3533 2016 3571 16
