2566 3886
1140 274 1365 321 „79-

458 411 584 458 Cum
616 411 753 465 igitur
782 418 963 456 constet
994 408 1097 454 Bri
1111 423 1202 454 mo
1232 422 1336 453 esse
1367 408 1632 461 legendum,
1665 406 1964 460 intelligimus
1993 420 2168 451 nexum

456 509 635 559 deesse,
667 506 749 559 qui
780 507 897 551 duas
927 505 1027 549 illas
1058 504 1236 549 fabulas
1268 503 1390 548 inter
1420 518 1471 548 se
1495 503 1759 556 coniungat.
1785 502 1845 547 Et
1868 503 1956 546 hac
1975 515 2170 554 quoque

455 604 515 648 de
547 617 701 655 causa,
732 602 862 655 quod
893 615 1044 646 nexus
1075 600 1221 651 deest,
1252 597 1532 643 Phillimorii
1563 597 1730 643 lectio:

667 696 912 742 Mercurio
943 695 1133 741 Ossaeis
1164 695 1311 739 fertur
1342 693 1603 738 Borbeidos
1635 693 1774 738 undis

807 791 1071 844 virgineum
1106 789 1268 834 Brimo
1299 788 1618 841 composuisse
1650 789 1768 832 latus

455 903 570 934 vera
599 903 703 933 esse
734 887 910 940 nequit.
935 886 1111 939 Neque
1129 885 1326 939 Hauptii
1349 884 1669 929 coniecturam
1687 882 1852 935 probo,
1869 884 2000 935 quod
2016 882 2173 928 tabula

458 985 519 1028 de
551 983 782 1028 Mercurii
812 982 1051 1027 amoribus
1082 981 1149 1026 sic
1180 980 1319 1025 nimis
1349 995 1378 1024 a
1405 979 1574 1024 ceteris
1600 978 1828 1030 exemplis
1855 987 2097 1031 separatur
2111 976 2173 1037 ¹);

459 1078 626 1124 melius
678 1077 826 1131 igitur,
878 1078 1007 1130 quod
1061 1075 1380 1121 Phillimorius
1432 1073 1604 1119 conicit
1658 1073 1880 1126 qualis.
1921 1074 2005 1118 sed
2058 1074 2174 1118 haec

457 1173 726 1218 coniectura
756 1173 925 1218 ductus
955 1172 1213 1217 litterarum
1245 1185 1411 1224 parum
1443 1178 1589 1214 curat.

457 1268 582 1315 Cum
627 1278 783 1314 autem
821 1267 1039 1312 videmus
1077 1281 1219 1312 versu
1257 1265 1287 1311 9
1323 1265 1705 1311 coniunctionem
1752 1280 1780 1310 e
1794 1273 1812 1309 t
1856 1279 1952 1309 non
1998 1264 2173 1309 habere

456 1365 532 1410 cui
563 1364 858 1417 respondeat,
890 1377 1032 1408 versu
1064 1370 1219 1407 tamen
1252 1361 1439 1406 decimo
1470 1360 1606 1405 tertio
1637 1375 1665 1405 e
1678 1360 1824 1405 tiam
1855 1360 1973 1405 falso
2005 1360 2093 1413 legi
2125 1359 2172 1404 in

454 1459 696 1505 codicibus
732 1473 820 1512 pro
858 1457 987 1509 iam,
1021 1456 1356 1510 Rossbergium
1388 1453 1669 1512 (Lucubrat.
1704 1455 1844 1508 Prop.
1877 1470 1922 1508 p.
1957 1452 2039 1513 11)
2069 1470 2171 1500 rem

454 1570 542 1600 acu
574 1554 773 1608 tetigisse
804 1552 1116 1606 intelligimus,
1147 1566 1257 1596 cum
1289 1559 1393 1603 post
1431 1550 1760 1596 Mercurio
1791 1551 1906 1596 illud
1938 1559 1997 1596 et
2035 1550 2083 1595 in
2115 1565 2174 1595 eo

457 1650 727 1703 exemplari,
759 1650 888 1694 unde
914 1649 1196 1700 archetypus
1219 1646 1439 1698 fluxisset,
1462 1646 1687 1692 omissum
1717 1661 1821 1692 esse
1858 1646 2174 1699 suspicaretur

455 1755 503 1791 et
543 1759 684 1790 versu
730 1743 784 1789 13
825 1744 942 1789 falso
981 1759 1010 1788 a
1050 1742 1240 1787 librario
1283 1756 1386 1787 esse
1427 1742 1679 1787 redditum.
1724 1741 1862 1793 Quae
1899 1741 1937 1786 si
1974 1741 2173 1786 feliciter

456 1841 687 1893 disputata
708 1848 829 1892 sunt,
852 1847 1044 1892 apparet
1067 1836 1402 1890 Rossbergium
1426 1837 1474 1881 in
1498 1851 1640 1882 versu
1663 1836 1954 1882 restituendo
1976 1851 2174 1889 sequen·

457 1936 571 1981 dum
594 1950 712 1987 esse,
733 1935 814 1988 qui
836 1934 951 1979 illud
983 1932 1138 1978 satis
1170 1947 1197 1977 e
1228 1931 1430 1977 sacris
1461 1940 1734 1985 corruptum
1757 1945 1860 1976 esse
1882 1939 2009 1976 ratus
2024 1939 2173 1976 totum

459 2044 650 2076 versum
682 2030 749 2075 sic
780 2029 867 2083 legi
899 2028 1073 2074 voluit:

668 2124 915 2170 Mercurio
946 2132 992 2168 et
1022 2122 1224 2167 sacris
1254 2122 1401 2167 fertur
1433 2121 1699 2167 Boebeidos
1730 2121 1870 2167 undis

810 2219 1073 2273 virgineum
1106 2217 1267 2262 Brimo
1297 2217 1617 2269 composuisse
1648 2218 1781 2262 latus.

1059 2653 1313 2700 ELEGIA
1345 2654 1431 2699 111.

360 2820 398 2864 1.
460 2835 491 2864 n
508 2820 650 2864 ullu
667 2833 741 2871 m;
765 2828 891 2864 recte
909 2819 1160 2865 Heinsius:
1185 2836 1216 2864 n
1231 2820 1363 2865 ulla
1379 2836 1441 2872 m,
1464 2820 1593 2872 quod
1626 2819 1899 2865 Phillimore
1915 2834 2010 2865 non
2043 2828 2172 2864 recte

461 2914 650 2967 spernit.

462 3009 729 3054 Housmani
766 3009 1172 3062 transpositionem
1204 3008 1302 3068 (11.
1337 3009 1391 3054 12
1420 3010 1542 3054 inter
1575 3009 1631 3054 16
1659 3018 1706 3054 et
1738 3009 1793 3053 17
1825 3005 2045 3065 locantis)
2076 3023 2172 3053 non

460 3103 611 3148 solum
642 3118 996 3155 supervacuam,
1028 3104 1111 3148 sed
1143 3103 1282 3148 etiam
1313 3103 1606 3148 falsissimam
1638 3104 1775 3148 duco.
1807 3102 1989 3147 Versus
2022 3103 2091 3147 11.
2117 3102 2172 3147 12

461 3197 588 3241 enim
611 3198 741 3242 nullo
768 3198 911 3242 modo
942 3197 1163 3250 explicari
1195 3206 1404 3250 possunt,
1436 3198 1517 3242 ubi
1550 3197 1800 3242 Housman
1833 3211 1914 3242 eos
1945 3197 2090 3249 ponit.

379 3385 408 3431 ¹)
455 3385 639 3423 ὃσιισιιιιιιι
665 3389 763 3423 enim
789 3399 923 3422 nexum
948 3391 1072 3429 potin·
1098 3389 1258 3430 quali·
1283 3389 1470 3429 requirere
1495 3389 1670 3423 observet
1695 3394 1732 3422 et
1750 3388 1997 3423 Baehremiu·
2011 3384 2172 3431 (Proleg.

329 3459 417 3493 edit.
442 3471 477 3499 p.
502 3457 620 3502 XIX).
