2566 3886
352 682 420 727 15.

354 1251 422 1297 18.

1141 263 1408 309 -105—

483 411 594 442 usus
625 396 703 442 hic
745 397 1002 442 admodum
1034 395 1220 448 elegans
1267 402 1351 446 est,
1398 393 1669 448 languidum
1715 394 1830 440 illud
1863 409 1890 439 e
1906 410 1930 440 r
1946 395 1960 440 i
1976 403 1994 439 t
2037 391 2195 453 (D'F)

480 491 651 544 edidit;
682 492 739 537 cf.
771 490 1004 543 Solbisky‚
1037 490 1112 535 De
1144 489 1312 535 Codic.
1345 489 1486 543 Prop.
1518 503 1563 542 p.
1599 489 1697 535 158.

482 684 636 728 evolat
667 681 694 726 ἐ
726 690 885 726 nostro
917 680 1140 733 quoniam
1174 681 1234 725 de
1266 689 1457 734 pectore
1489 695 1735 734 nusquam.

484 776 560 822 Sic
597 791 762 822 versus
799 775 964 830 legitur
995 775 1042 820 in
1091 775 1431 828 Neapolitano;
1479 791 1565 828 pro
1603 776 1632 820 ό
1665 775 1977 821 Baehrensius
2009 784 2136 820 recte
2170 791 2198 820 a

483 872 691 925 scripsit;
725 871 943 916 Muretus
975 871 1006 915 h
1023 885 1096 915 eu
1127 870 1333 924 legebat:
1365 870 1491 915 idem
1524 871 1690 916 vitium
1722 879 1886 924 atque:
1923 871 1943 915 I
1979 870 2122 923 19,22.

484 967 578 1012 Pro
609 981 840 1020 nusquam
872 980 980 1010 cum
1012 965 1116 1010 viro
1147 965 1287 1009 docto
1304 964 1535 1010 Richards
1551 962 1684 1022 (CR.
1702 964 1838 1017 XIII,
1857 979 1900 1017 p.
1921 962 2003 1023 16)
2019 980 2198 1018 repono

484 1076 810 1116 nunquam,
842 1061 899 1105 ci.
931 1060 1228 1106 assiduus
1259 1074 1401 1105 versu
1432 1060 1661 1113 sequenti.

486 1251 666 1296 Mirum
710 1260 780 1296 est
823 1266 908 1296 cur
948 1250 1266 1296 Phillimorius
1304 1252 1394 1296 hoc
1436 1252 1540 1296 loco
1572 1251 1662 1296 hoc
1694 1260 1955 1297 monstrum
1990 1251 2037 1296 in
2071 1260 2200 1297 textu

484 1346 715 1399 posuerit:

633 1441 670 1486 si
702 1456 822 1494 puer
852 1449 935 1493 est,
968 1441 1126 1486 animo
1157 1440 1300 1486 traice
1331 1442 1488 1493 puella
1521 1441 1630 1487 tuo!

487 1535 670 1580 Verum
703 1536 781 1580 dat
812 1550 843 1579 v
874 1533 1019 1593 (JPh.
1051 1534 1212 1588 XXII,
1245 1551 1290 1589 p.
1326 1535 1406 1581 111
1442 1551 1542 1590 sqq.
1577 1535 1822 1594 Housm.),

637 1630 675 1675 si
706 1631 861 1684 pudor
891 1639 973 1682 est,
1005 1631 1096 1676 alio
1127 1631 1270 1677 traice
1302 1632 1405 1683 tela,
1438 1647 1570 1685 puer.

487 1723 614 1770 Nam
648 1725 794 1770 Birtio
824 1722 1094 1782 (RhMPh.‚
1127 1725 1236 1770 NF.
1268 1725 1326 1770 64
1358 1741 1402 1778 p.
1435 1724 1549 1784 409)
1580 1741 1772 1779 prorsus
1803 1742 1899 1772 non
1931 1727 2133 1780 contigit,
2151 1736 2202 1772 ut

487 1822 607 1866 hanc
639 1836 805 1866 versus
836 1821 1085 1866 lectionem
1118 1836 1280 1867 veram
1313 1837 1416 1867 esse
1448 1822 1583 1867 nobis
1615 1824 1942 1875 persuaderet:

639 1916 676 1961 si
708 1931 828 1969 puer
858 1925 941 1968 est,
973 1917 1063 1961 alio
1095 1916 1237 1961 traice
1270 1917 1390 1961 bella
1422 1925 1513 1968 tua,

486 2012 613 2065 quod
662 2010 947 2057 Germanice
994 2012 1158 2057 vertit:
1208 2027 1377 2064 „wenn
1425 2027 1476 2057 es
1507 2012 1647 2057 einen
1680 2012 1867 2066 iungen‚
1901 2013 2025 2058 noch
2057 2012 2202 2058 unbe-

486 2108 679 2152 riihrten
729 2107 995 2153 Menschen
1038 2107 1147 2161 gibt,
1192 2122 1243 2152 so
1288 2108 1437 2152 richte
1476 2107 1615 2153 deine
1649 2107 1817 2162 Kriege
1849 2109 1969 2153 nach
2001 2109 2203 2153 anderer

474 2203 709 2257 Richtung
739 2203 806 2248 als
836 2212 980 2257 gegen
1014 2203 1184 2247 mich’'.
1219 2202 1429 2248 Primum
1463 2203 1589 2248 enim
1622 2218 1764 2248 nemo
1786 2203 1934 2248 verba
1965 2203 2015 2248 si
2048 2216 2203 2256 puer

487 2307 580 2343 est
611 2299 671 2343 de
703 2299 942 2343 intacto
973 2298 1230 2352 intelligere
1262 2307 1427 2352 potest,
1459 2299 1633 2344 deinde
1665 2299 1769 2352 quis
1802 2299 1869 2351 „si
1902 2299 2099 2345 intactus
2117 2308 2200 2352 est,

485 2393 532 2438 in
579 2395 705 2439 hunc
752 2393 875 2439 bella
920 2394 1148 2439 transfer'’
1195 2395 1354 2440 dicere
1386 2395 1433 2440 in
1465 2395 1623 2440 animo
1655 2395 1833 2440 habens
1865 2396 1986 2441 hanc
2019 2404 2202 2440 senten-

483 2488 592 2533 tiam
625 2488 691 2534 sic
721 2488 981 2534 enuntiabit
1012 2490 1078 2541 „si
1111 2490 1308 2535 intactus
1340 2499 1422 2542 est,
1455 2490 1581 2535 alio
1614 2490 1737 2535 bella
1768 2490 2036 2536 transfer”?

1071 2819 1325 2866 ELEGIA
1356 2821 1493 2866 XIII.

488 2947 770 2993 Iamdudum
803 2957 996 3002 magnae
1028 2948 1377 2994 controversiae
1408 2958 1516 2994 sunt
1548 2950 1671 2995 inter
1702 2951 1830 2996 viros
1848 2952 2024 3003 doctos,
2044 2961 2200 2996 utrum

488 3056 678 3086 carmen
722 3043 782 3087 de
826 3058 921 3096 quo
964 3059 1091 3088 nunc
1133 3043 1408 3097 disputaturi
1453 3058 1614 3089 sumus
1647 3061 1793 3090 unum
1828 3046 1885 3090 sit
1915 3061 1973 3090 an
2007 3046 2053 3090 in
2087 3047 2202 3090 duas

489 3136 710 3188 pluresve
752 3145 907 3188 partes
950 3137 1276 3183 dividendum.
1318 3137 1504 3182 Auctor
1534 3139 1673 3184 huius
1704 3140 1990 3192 quaestionis
2023 3140 2202 3185 Brouk·

488 3230 650 3274 husius
670 3228 712 3287 ¹)
757 3231 844 3275 fuit
892 3231 973 3284 qui
1020 3247 1186 3276 versus
1233 3231 1286 3276 17
1334 3240 1679 3286 sequentesque
1726 3234 1863 3286 „satis
1901 3234 2200 3280 incommode

487 3325 741 3370 cohaerere
772 3340 880 3370 cum
913 3325 1233 3378 superioribus
1265 3334 1531 3378 tractosque
1563 3342 1666 3372 esse
1698 3329 1791 3372 huc
1823 3343 1850 3373 e
1883 3328 2003 3373 libro
2035 3329 2199 3374 tertio'’

408 3449 434 3494 ¹)
482 3453 556 3488 vid.
582 3423 774 3487 eius·edit.
799 3464 833 3494 p.
862 3452 940 3487 147.
