2566 3886
310 1067 381 1113 83.

308 2404 379 2450 85.

1099 265 1363 311 —317—

442 396 534 443 Sed
565 397 784 443 omnibus
815 398 887 442 his
919 397 1032 442 locis
1063 413 1134 442 ru
1152 413 1223 442 en
1242 397 1304 442 di
1336 396 1537 442 verbum
1570 396 1710 441 habet
1741 412 1844 442 eam
1876 397 2153 443 sententiam

442 508 535 546 qua
570 493 711 546 vulgo
757 492 1017 537 adhibetur.
1062 492 1363 545 Quapropter
1395 492 1707 536 Baehrensius
1738 500 1866 537 recte
1898 493 2154 538 coniecisse

442 588 654 633 videtur:
687 587 857 633 furit.
890 586 982 632 Sed
1001 588 1101 632 sive
1132 587 1257 632 ruit
1289 602 1462 639 servas,
1479 587 1580 632 sive
1610 587 1771 632 furit
1803 588 2006 639 reponis,
2027 588 2154 633 nulla

443 683 653 736 proiecto
698 697 836 728 causa
882 691 965 734 est,
1015 697 1100 728 cur
1145 697 1310 727 versus
1349 681 1476 735 71sq.
1508 682 1618 726 hinc
1650 681 1826 727 alienos
1846 680 1888 740 ¹)
1919 691 2152 736 putemus.

445 778 539 823 Pro
588 778 652 823 fe
667 793 692 822 r
707 787 724 822 t
741 793 771 823 u
788 793 812 822 r
862 792 971 822 cum
1019 776 1336 830 Hertzbergio
1382 776 1631 829 legendum
1679 786 1748 821 est
1800 791 1831 829 p
1847 792 1874 821 e
1890 792 1916 821 c
1933 785 1997 822 tu
2015 792 2050 829 S,
2098 777 2155 823 cf.

444 873 709 925 Housman,
739 872 857 918 JPh.
889 871 1026 923 XXI,
1058 886 1102 924 p.
1138 869 1235 916 177.

443 1083 579 1114 mons
609 1076 708 1113 erat
738 1081 934 1113 ascensu
966 1066 1138 1112 dubius
1168 1066 1382 1120 festoque
1414 1066 1636 1111 remissus

443 1163 755 1208 Baehrensius
786 1177 894 1208 cum
927 1161 973 1207 O
1006 1161 1314 1207 remissis
1346 1162 1503 1215 legens
1535 1176 1621 1215 pro
1653 1176 1719 1206 re
1737 1161 1892 1207 miss
1910 1177 1940 1207 u
1959 1176 1993 1214 S,
2026 1163 2155 1215 quod

441 1267 511 1303 est
541 1258 588 1302 in
621 1257 950 1310 Neapolitano,
983 1257 1138 1302 locum
1170 1257 1444 1302 lacunosum
1476 1256 1674 1302 iudicat:

442 1367 577 1399 mons
608 1361 707 1397 erat
737 1366 932 1397 ascensu
963 1352 1135 1397 dubius
1143 1384 2150 1395 ..................................................

584 1479 2012 1492 οοοοοοοοοοοοοοοοοοοοοοοοοοοοοοοοοοοοοοοοοοοοοοοοοοοοοοοοοοοοοοοοοοοοοοοο

445 1575 1631 1587 ............................................................
1679 1542 1891 1594 festoque
1934 1542 2154 1588 remissis.

442 1639 902 1685 Iacobiconiectura:
941 1653 1121 1683 mons
1158 1646 1301 1682 erat
1331 1652 1669 1689 ascensuS,
1710 1637 1998 1689 dapibus
2038 1638 2155 1683 fes-

442 1744 504 1781 to
520 1752 551 1789 q
568 1751 598 1780 u
615 1750 642 1780 e
692 1750 716 1779 r
732 1750 758 1779 e
775 1749 822 1779 m
840 1734 892 1778 is
908 1748 929 1778 s
947 1717 977 1778 u
994 1748 1016 1777 s
1063 1747 1254 1777 manum
1302 1741 1467 1784 poetae
1513 1747 1608 1778 non
1656 1732 1853 1777 restituit
1870 1746 1881 1784 3
1929 1741 2015 1786 ego
2061 1733 2155 1778 leni

440 1829 731 1875 correctione
762 1843 993 1882 reponere
1021 1828 1188 1873 velim:
1212 1842 1347 1873 mons
1363 1836 1462 1872 erat
1477 1841 1673 1872 ascensu
1706 1828 1736 1872 d
1754 1843 1784 1872 u
1801 1827 1910 1873 bio
1940 1828 2155 1883 festoque

441 1925 678 1970 remissus.

444 2020 658 2065 Breviter
702 2019 829 2064 enim
862 2034 937 2065 res
969 2027 1117 2072 gestas
1148 2018 1325 2072 attingit
1356 2026 1521 2070 poeta:
1553 2018 1619 2063 sic
1651 2017 1798 2063 verba
1829 2034 1860 2063 n
1878 2034 1905 2064 e
1922 2034 1948 2064 c
1980 2034 2027 2064 m
2044 2034 2074 2065 o
2090 2035 2114 2064 r
2130 2035 2157 2065 a

441 2115 696 2168 significant
727 2123 935 2160 montem
967 2114 1059 2159 iam
1091 2128 1337 2159 ascensum
1369 2128 1485 2165 esse,
1517 2129 1626 2158 nam
1653 2128 1780 2158 nunc
1801 2114 1994 2160 demum
2012 2129 2152 2160 canes

440 2209 604 2264 vigiles
634 2223 803 2254 necare
834 2208 1008 2262 incipit.

440 2405 598 2450 omnia
627 2404 914 2458 praebebant
945 2417 1163 2448 somnos:
1195 2404 1277 2448 sed
1311 2404 1522 2456 Iuppiter
1552 2420 1674 2450 unus

439 2500 603 2546 Verba
660 2509 908 2553 corrupta:
931 2490 934 2491 ⁷
967 2515 1075 2544 nam
1128 2499 1244 2544 nihil
1290 2499 1482 2552 prodest
1530 2499 1811 2544 Rothsteinii
1857 2499 2153 2544 observatio:

442 2611 502 2650 „p
518 2611 542 2640 r
557 2611 584 2640 a
600 2611 627 2641 e
643 2596 674 2640 b
690 2611 718 2640 e
734 2595 765 2640 b
782 2611 809 2640 a
824 2611 855 2640 n
871 2604 889 2640 t
919 2595 977 2640 ist
1008 2609 1119 2639 vom
1152 2593 1476 2647 Standpunkte
1507 2595 1594 2639 der
1624 2594 1828 2648 Tarpeia
1848 2594 2058 2647 gedacffl.
2076 2594 2153 2639 die

440 2691 575 2735 ihren
607 2690 723 2734 Plan
754 2690 1006 2734 ausfiihren
1038 2688 1177 2734 will''.
1210 2689 1358 2734 Recte
1389 2689 1515 2734 enim
1548 2689 1768 2734 observat
1800 2688 2153 2733 Luetiohannus

440 2782 738 2843 (Comment.
770 2784 910 2836 Prop.
942 2799 987 2837 p.
1023 2781 1102 2842 10)
1134 2798 1234 2836 nos,
1251 2799 1359 2829 cum
1378 2798 1567 2829 versum
1585 2784 1647 2829 ita
1663 2792 1841 2829 tantum
1858 2783 2153 2836 interpretari

440 2879 686 2932 possimus,
729 2887 779 2923 ut
823 2886 946 2923 totus
991 2879 1096 2923 festi
1141 2887 1387 2931 apparatus
1432 2878 1681 2932 ipsumque
1718 2887 1902 2932 tempus
1934 2893 2152 2923 somnum

442 2973 607 3018 afferre
640 2973 865 3018 Romanis
881 2974 1075 3024 dicatur,
1092 2973 1139 3017 id
1157 2973 1295 3018 etiam
1312 2973 1527 3018 versibus
1543 2974 1623 3027 qui
1639 2974 1854 3026 proxime
1871 2974 2153 3018 antecedunt

442 3067 619 3112 dictum
651 3067 837 3119 videre;
871 3082 1054 3121 „neque
1086 3083 1181 3116 non
1199 3068 1424 3112 sentimus
1439 3093 1500 3098 —
1520 3068 1580 3112 ita
1596 3069 1744 3121 pergit
1759 3092 1818 3099 —-
1834 3068 1987 3121 potius
2003 3083 2151 3113 unum

443 3162 607 3206 Iovem
651 3161 917 3215 vigilantem
961 3162 1180 3207 omnibus
1212 3162 1378 3207 ceteris
1410 3177 1575 3207 somno
1607 3163 1797 3214 sepultis
1828 3163 2151 3216 oppositurum

445 3256 585 3301 fuisse
615 3256 845 3308 poetam'’.

433 3461 529 3500 quod
557 3459 698 3499 putavit
724 3458 964 3493 Housman·
983 3470 1049 3493 eo·
1066 3466 1150 3499 post
1163 3459 1229 3500 lv,
1243 3459 1277 3500 8.
1291 3459 1335 3493 52
1350 3466 1606 3508 transponens,
1620 3470 1691 3500 quo
1705 3470 1856 3500 prorsus
1869 3470 1943 3493 non
1956 3459 2153 3499 pertinent.
