2566 3886
1233 268 1486 314 —109—

435 402 507 448 25.
570 402 680 448 Hoc
713 417 854 447 versu
886 416 1051 447 omnes
1082 401 1270 447 codices
1301 401 1484 454 legunt:

431 1067 501 1112 37.

716 506 784 542 sat
815 513 920 542 mea
951 497 1008 542 sit
1040 505 1205 550 magna
1223 493 1279 553 ¹),
1312 496 1349 540 si
1383 504 1478 540 tres
1509 495 1598 540 sint
1630 510 1803 548 pompa
1833 495 2002 546 libelli;

566 593 882 638 Phillimorius
910 592 1120 646 corrigit:

718 697 785 733 sat
817 703 922 733 mea
952 688 1009 733 sit
1041 696 1222 741 magno.

564 782 656 828 Sed
694 797 789 828 non
828 782 1005 834 dubito,
1047 781 1160 835 quin
1199 788 1336 834 poeta
1368 780 1603 833 scripserit
1634 780 1681 824 id
1714 781 1842 833 quod
1876 780 1977 824 Itali
2009 780 2277 825 coniecere:

564 887 655 923 sat
686 893 814 922 mea
845 886 939 922 sat
970 885 1181 930 magna
1212 884 1330 920 est:
1362 884 1469 920 ante
1501 875 1582 920 sit
1612 884 1652 920 st
1682 875 1817 920 facile
1841 875 2060 920 excidere
2083 884 2276 928 poterat.

564 1083 651 1113 nec
683 1067 837 1112 minus
868 1068 983 1112 haec
1016 1067 1161 1111 nostri
1192 1074 1400 1111 notescet
1430 1066 1554 1111 fama
1585 1066 1801 1118 sepulcri,

713 1178 854 1217 quam
885 1162 1070 1207 fuerant
1102 1162 1260 1207 Phthii
1292 1162 1428 1206 busta
1458 1170 1652 1206 cruenta
1682 1161 1772 1205 viri

563 1258 657 1303 Pro
700 1259 957 1303 fuerant
999 1258 1311 1303 Baehrensius
1341 1258 1590 1302 clarent
1633 1265 1883 1309 exspectat,
1915 1257 1991 1302 alii
2023 1258 2277 1309 florent,

563 1353 869 1398 Housmanus
899 1351 1030 1411 (JPh
1061 1353 1197 1405 XVI,
1230 1368 1274 1406 p.
1307 1350 1361 1410 5)
1392 1352 1606 1404 coniecit,

831 1450 994 1494 funere
1026 1463 1166 1503 quam
1202 1448 1358 1493 Phthii
1390 1448 1525 1493 busta
1555 1456 1749 1492 cruenta
1779 1448 1883 1499 viri,

564 1546 646 1590 sed
688 1554 814 1590 recte
858 1559 908 1590 se
940 1544 1079 1589 habet
1110 1543 1408 1595 vocabulum,
1440 1544 1577 1597 quale
1609 1552 1678 1588 est
1708 1542 1954 1595 traditum;
1987 1558 2095 1587 nam
2128 1543 2276 1596 poetis

563 1640 650 1686 illis
697 1649 987 1685 notescet
1030 1648 1129 1684 erat
1170 1648 1318 1684 nota
1348 1647 1541 1684 escet:
1580 1647 1727 1683 nota
1759 1639 1896 1691 erit,
1928 1639 2055 1683 unde
2089 1638 2135 1682 in
2168 1653 2278 1691 pen-

562 1746 758 1782 tametro
780 1737 838 1781 ad
871 1736 933 1781 su
947 1751 974 1781 e
989 1751 1012 1780 r
1024 1750 1051 1780 a
1065 1751 1094 1779 n
1110 1744 1126 1779 t
1158 1735 1290 1779 facile
1319 1733 1525 1787 suppleri
1554 1742 1733 1786 poterat
1765 1749 1794 1778 n
1810 1748 1839 1778 o
1852 1742 1869 1777 t
1882 1748 1922 1786 a,
1942 1733 2000 1778 cf.
2021 1733 2278 1778 Hertzber-

562 1832 686 1885 gium
718 1832 776 1876 ad
809 1839 1019 1876 nostrum
1051 1844 1256 1875 versum.

428 2021 498 2067 39.
531 2022 602 2067 40.
665 2031 713 2066 tu
745 2036 934 2075 quoque
966 2021 1003 2066 si
1035 2021 1226 2074 quando
1257 2020 1419 2065 venies
1450 2020 1508 2064 ad
1541 2020 1646 2072 fata,
1678 2028 1930 2071 memento,

711 2117 801 2161 hoc
833 2116 920 2161 iter
951 2116 1009 2160 ad
1041 2115 1218 2168 lapides
1249 2130 1366 2160 cana
1396 2115 1507 2160 veni
1539 2129 1773 2160 memores

562 2211 676 2257 Non
708 2211 852 2256 credo
883 2219 1010 2256 recte
1042 2210 1218 2256 dictum
1251 2211 1369 2255 hoc
1401 2210 1525 2255 iter
1561 2210 1780 2263 —veni,
1812 2210 1927 2255 nihil
1959 2211 2085 2255 enim
2118 2210 2275 2255 auxilii

561 2316 630 2351 est
675 2306 722 2350 in
770 2305 996 2359 exemplis
1039 2321 1067 2350 a
1113 2306 1418 2350 Lachmanno
1461 2304 1632 2349 allatis:
1676 2313 1894 2358 magnum
1941 2305 2028 2350 iter
2059 2305 2276 2358 ascendo,

560 2409 778 2453 magnum
819 2400 908 2445 iter
949 2399 1194 2453 proficisci,
1235 2414 1511 2445 concessum
1556 2398 1726 2444 redibit
1772 2399 1873 2451 iter,
1919 2400 2007 2445 iter
2053 2400 2135 2453 ire,
2167 2416 2275 2446 cum

561 2496 718 2540 omnia
763 2496 879 2540 haec
926 2495 1073 2540 verba
1118 2495 1261 2539 eundi
1308 2494 1546 2539 notionem
1591 2494 1805 2546 habeant,
1838 2509 1978 2548 quam
2010 2509 2105 2539 non
2138 2495 2278 2540 habet

561 2590 784 2635 veniendi
829 2591 1055 2642 verbum;
1101 2590 1320 2635 facillime
1338 2588 1376 2646 ²)
1419 2599 1575 2635 tamen
1619 2590 1735 2634 haec
1767 2589 2009 2635 difficultas
2040 2591 2275 2635 removeri

561 2693 712 2736 potest
742 2685 808 2730 sic
840 2685 1239 2739 interpungendo:

711 2789 760 2826 tu
793 2796 982 2834 quoque
1013 2781 1051 2825 si
1082 2781 1272 2834 quando
1303 2780 1466 2825 venies
1497 2780 1556 2824 ad
1587 2779 1692 2832 fata,
1725 2788 1963 2825 memento

830 2877 920 2920 hoc
952 2875 1064 2920 iter:
1097 2876 1154 2920 ad
1187 2875 1365 2928 lapides
1397 2890 1512 2919 cana
1543 2875 1654 2919 veni
1686 2889 1920 2920 memores

562 2970 651 3013 hoc
683 2969 795 3014 iter:
828 2970 1003 3014 funeris
1035 2969 1127 3014 mei
1160 2969 1259 3014 iter.

479 3155 509 3201 ι)
560 3159 816 3194 Rothsteinius
853 3170 1002 3194 veroum
1042 3171 1169 3194 sanum
1200 3161 1320 3201 ducit3
1359 3161 1432 3195 loci
1460 3168 1595 3202 tamen,
1621 3173 1713 3202 quos
1740 3162 1831 3196 citat
1857 3164 1901 3196 ad
1928 3174 1948 3197 a
1974 3163 2123 3204 longum
2149 3163 2272 3197 desen-

430 3231 602 3271 dendmn,
627 3238 665 3264 ct
690 3231 759 3271 ipsi
785 3232 950 3271 corrupti
977 3238 1073 3272 nunt,
1100 3232 1145 3265 cs.
1171 3242 1262 3272 quae
1289 3232 1547 3267 adnotavimus
1572 3233 1617 3266 ad
1643 3229 1714 3273 IV,
1741 3232 1773 3273 5,
1799 3232 1856 3267 64.

476 3309 504 3355 ²)
554 3312 792 3348 Coniecturi·
832 3314 1044 3355 propositis,
1066 3326 1156 3355 quae
1183 3314 1430 3348 Baehrensius
1456 3315 1493 3348 in
1518 3322 1694 3355 apparatu
1721 3315 1853 3349 critico
1880 3323 2082 3356 enumeret.
2108 3317 2274 3350 addenda

430 3391 487 3417 est
512 3384 602 3418 haec
630 3383 840 3426 Kieoslingii
865 3381 1055 3427 (Coniect.
1081 3382 1206 3427 Pron„
1235 3385 1568 3427 Gryphiuwnldiae,
1597 3385 1698 3428 1875.
1724 3398 1757 3427 p.
1785 3382 1842 3429 5)=

717 3457 787 3490 huc
813 3457 947 3490 iterum
974 3458 1018 3490 ad
1045 3457 1184 3497 lapides
1210 3468 1300 3491 cana
1326 3458 1411 3491 veni
1438 3469 1634 3492 memores.
