2566 3886
345 1171 415 1215 17.

346 3347 414 3392 14.

1135 277 1400 323 -137—-

478 412 602 456 Eum
648 411 796 456 secuti
826 418 934 455 sunt
966 408 1287 454 Rothsteinius
1318 416 1365 453 et
1397 407 1727 453 Phillimorius.
1762 406 1861 460 Ego
1892 414 2048 452 tamen
2080 422 2189 451 cum

479 507 785 552 Lachmanno
817 506 1039 551 Italorum
1072 505 1418 550 coniecturam:

595 602 744 647 eiecta
774 610 856 652 est,
888 600 1036 646 tenuit
1068 614 1272 652 namque
1304 598 1488 644 Creusa
1519 599 1728 650 domum,

477 697 688 749 recipere
716 696 889 747 malim,
921 710 1030 740 nam
1062 694 1267 748 primum
1299 693 1500 739 eiciendi
1531 693 1732 739 verbum
1765 693 1950 745 saepius
1980 693 2192 738 absolute

476 791 665 844 ponitur
710 788 795 849 (cf.
843 790 904 843 ΙΙ,
951 789 994 842 9,
1032 787 1100 848 2),
1133 789 1307 834 deinde
1352 797 1371 833 t
1386 803 1458 833 en
1476 788 1573 833 uit
1620 787 1889 840 Rossbergii
1922 787 2191 832 coniectura

476 895 664 939 recepta
709 886 816 931 satis
861 886 1131 937 obscurum,
1178 899 1286 929 cum
1332 883 1519 928 obiecto
1565 883 1596 926 d
1614 898 1643 927 o
1661 897 1708 927 m
1725 898 1756 927 u
1774 898 1821 926 m
1873 881 2191 935 perspicuum,

475 989 712 1035 postremo
743 979 1032 1033 parenthesis
1065 979 1220 1024 minus
1251 987 1449 1023 venuste
1481 978 1649 1023 dividit
1679 977 1970 1023 sententiam.

478 1170 624 1215 Hunc
662 1184 852 1214 versum
885 1178 1141 1221 praeeunte
1173 1168 1467 1214 Phillimorio
1498 1165 1572 1226 (in
1605 1167 1904 1213 adnotatione
1921 1165 2106 1224 critica)
2124 1167 2189 1211 sic

477 1266 726 1319 legendum
758 1279 957 1310 censeo:

594 1375 721 1405 nunc
752 1374 943 1412 quoque
974 1359 1055 1412 qui
1089 1368 1244 1411 restet,
1276 1360 1367 1404 iam
1400 1359 1583 1413 pridem
1616 1358 1857 1411 quaeritur
1887 1359 2003 1403 alter

475 1464 720 1507 totumque
752 1455 907 1499 locum
939 1479 998 1484 —
1028 1469 1087 1499 ex
1111 1463 1242 1508 parte
1267 1453 1569 1507 Hertzbergii
1591 1453 1750 1498 verbis
1767 1467 1879 1498 usus
1895 1477 1954 1483 —-
1970 1453 2036 1497 sic
2053 1453 2190 1497 inter-

475 1559 659 1603 pretor:
692 1550 859 1603 „etiam
891 1559 995 1602 post
1026 1551 1197 1595 damna
1227 1557 1416 1603 accepta
1447 1549 1593 1594 nihilo
1624 1549 1767 1594 setius
1799 1548 1942 1593 nimia
1973 1547 2187 1593 facilitate

474 1654 692 1700 peccant;
737 1661 864 1691 nunc
910 1661 1114 1699 quoque,
1162 1660 1270 1691 cum
1317 1645 1499 1690 discere
1530 1645 1774 1698 potuisses,
1807 1644 1922 1689 nihil
1953 1643 2187 1688 didicisti:

476 1742 567 1786 iam
598 1741 725 1786 enim
757 1742 873 1786 alter
903 1741 1144 1794 quaeritur
1174 1750 1354 1786 amator
1387 1740 1468 1793 qui
1490 1740 1572 1785 tibi
1604 1748 1791 1793 perstet.
1813 1738 1999 1785 Caveas
2016 1748 2188 1791 autem,

475 1851 535 1880 ne
588 1836 830 1889 repudiata
882 1837 1049 1881 iterum
1103 1837 1390 1889 repudieris;
1444 1845 1529 1890 ego
1575 1845 1731 1880 tamen
1778 1835 1861 1880 tibi
1905 1834 2026 1879 fidus
2082 1849 2185 1879 sum

475 1945 756 1983 semperque
787 1931 1032 1976 manebo”.

1044 2175 1298 2222 ELEGIA
1329 2177 1490 2222 XXII.

476 2306 530 2350 In
568 2305 699 2351 initio
738 2306 876 2351 huius
913 2306 1133 2351 carminis
1171 2307 1344 2352 haereo
1375 2316 1480 2360 post
1511 2324 1701 2354 versum
1738 2308 1815 2354 10:

476 2415 596 2454 quae
628 2401 666 2446 si
697 2401 815 2446 forte
847 2402 1023 2454 aliquid
1061 2402 1194 2447 vultu
1233 2403 1348 2448 mihi
1384 2404 1503 2449 dura
1539 2413 1740 2458 negarat,

624 2495 790 2549 frigida
825 2496 886 2540 de
916 2504 1011 2541 tota
1040 2496 1194 2542 fronte
1226 2498 1423 2543 cadebat
1453 2514 1587 2552 aqua.

476 2591 744 2636 Pronomen
801 2592 1063 2644 relativum,
1113 2592 1226 2645 quid
1269 2594 1494 2647 significet
1532 2609 1625 2639 non
1666 2595 1894 2648 intelligo;
1934 2610 2041 2640 nam
2090 2611 2185 2640 non

475 2695 668 2738 possunt
720 2686 966 2740 significari
1018 2688 1202 2739 puellae
1233 2703 1349 2740 quas
1380 2697 1518 2741 poeta
1548 2689 1939 2741 praecedentibus
1970 2690 2185 2735 versibus

475 2781 644 2832 laudat,
657 2781 767 2833 quia
787 2796 883 2826 non
897 2782 1079 2826 locutus
1094 2790 1164 2826 est
1179 2783 1239 2827 de
1256 2783 1422 2835 puellis
1435 2799 1550 2836 quas
1566 2784 1933 2837 Demophoonte
1941 2794 2185 2838 praesente

474 2875 521 2920 in
559 2876 740 2920 theatro
775 2876 1029 2921 admiratus
1060 2885 1172 2929 erat,
1205 2878 1287 2922 sed
1320 2877 1367 2922 in
1400 2878 1675 2923 universum
1707 2879 1824 2924 dixit
1854 2894 1904 2924 se
1935 2879 1983 2924 in
2000 2879 2185 2924 feminis

474 2984 661 3023 semper
691 2970 866 3023 aliquid
898 2970 1165 3023 observare,
1197 2973 1325 3024 quod
1357 2987 1407 3016 se
1438 2974 1730 3017 accenderet.

477 3064 587 3108 Hoc
632 3074 905 3118 argumento
948 3067 1177 3111 adductus
1219 3067 1394 3119 aliquid
1438 3067 1727 3112 intercidisse
1771 3077 1934 3120 statuo,
1979 3077 2029 3113 ut
2074 3084 2182 3114 cum

477 3158 726 3204 Fonteinio
758 3159 1070 3205 Baehrensius
1101 3170 1146 3205 et
1179 3161 1469 3207 Hartmanus
1501 3163 1714 3207 credunt.

476 3349 604 3400 quod
636 3349 822 3402 quaeris
852 3365 1045 3402 quare
1076 3365 1171 3395 non
1205 3350 1346 3396 habet
1375 3352 1497 3396 ullus
1529 3366 1679 3403 amor3

477 3443 542 3488 sic
568 3458 676 3488 cum
695 3444 999 3490 Lachmanno
1030 3444 1454 3499 interpungendum
1486 3460 1588 3492 esse
1619 3462 1714 3492 non
1745 3447 2061 3500 observarem,
2094 3448 2182 3494 nisi
