<?xml version="1.0" encoding="UTF-8"?>
<!DOCTYPE html PUBLIC "-//W3C//DTD XHTML 1.0 Transitional//EN"
    "http://www.w3.org/TR/xhtml1/DTD/xhtml1-transitional.dtd">
<html xmlns="http://www.w3.org/1999/xhtml" xml:lang="en" lang="en">
 <head>
  <title>
</title>
<meta http-equiv="Content-Type" content="text/html;charset=utf-8" />
  <meta name='ocr-system' content='tesseract 3.04.00' />
  <meta name='ocr-capabilities' content='ocr_page ocr_carea ocr_par ocr_line ocrx_word'/>
</head>
<body>
  <div class='ocr_page' id='page_1' title='image "./adpropertiicarmi00enkpuoft_0181.png"; bbox 0 0 2566 3886; ppageno 0'>
   <div class='ocr_carea' id='block_1_1' title="bbox 323 2079 392 2125">
    <p class='ocr_par' dir='ltr' id='par_1_1' title="bbox 323 2079 392 2125">
     <span class='ocr_line' id='line_1_1' title="bbox 323 2079 392 2125; baseline 0 0"><span class='ocrx_word' id='word_1_1' title='bbox 323 2079 392 2125; x_wconf 90' lang='grc'><strong>10.</strong></span> 
     </span>
    </p>
   </div>
   <div class='ocr_carea' id='block_1_2' title="bbox 319 2504 389 2551">
    <p class='ocr_par' dir='ltr' id='par_1_2' title="bbox 319 2504 389 2551">
     <span class='ocr_line' id='line_1_2' title="bbox 319 2504 389 2551; baseline -0.014 0"><span class='ocrx_word' id='word_1_2' title='bbox 319 2504 389 2551; x_wconf 90' lang='grc'><strong>19.</strong></span> 
     </span>
    </p>
   </div>
   <div class='ocr_carea' id='block_1_3' title="bbox 1112 287 1379 334">
    <p class='ocr_par' dir='ltr' id='par_1_3' title="bbox 1112 287 1379 334">
     <span class='ocr_line' id='line_1_3' title="bbox 1112 287 1379 334; baseline -0.004 0"><span class='ocrx_word' id='word_1_3' title='bbox 1112 287 1379 334; x_wconf 89' lang='grc'>-165-</span> 
     </span>
    </p>
   </div>
   <div class='ocr_carea' id='block_1_4' title="bbox 448 417 2170 1708">
    <p class='ocr_par' dir='ltr' id='par_1_4' title="bbox 448 417 2170 1708">
     <span class='ocr_line' id='line_1_4' title="bbox 450 417 2168 472; baseline -0.002 -7"><span class='ocrx_word' id='word_1_4' title='bbox 450 420 587 472; x_wconf 91' lang='lat' dir='ltr'><strong>Quae</strong></span> <span class='ocrx_word' id='word_1_5' title='bbox 619 419 656 465; x_wconf 86' lang='lat' dir='ltr'><strong>si</strong></span> <span class='ocrx_word' id='word_1_6' title='bbox 692 428 819 465; x_wconf 91' lang='lat' dir='ltr'><strong>recte</strong></span> <span class='ocrx_word' id='word_1_7' title='bbox 850 419 1080 472; x_wconf 89' lang='lat' dir='ltr'><strong>disputata</strong></span> <span class='ocrx_word' id='word_1_8' title='bbox 1110 427 1230 471; x_wconf 87' lang='lat' dir='ltr'><strong>sunt,</strong></span> <span class='ocrx_word' id='word_1_9' title='bbox 1263 417 1486 472; x_wconf 86' lang='lat' dir='ltr'><strong>sequitur,</strong></span> <span class='ocrx_word' id='word_1_10' title='bbox 1509 426 1560 463; x_wconf 91' lang='lat' dir='ltr'><strong>ut</strong></span> <span class='ocrx_word' id='word_1_11' title='bbox 1588 418 1802 471; x_wconf 76' lang='lat' dir='ltr'><strong>Postgate</strong></span> <span class='ocrx_word' id='word_1_12' title='bbox 1819 417 1988 463; x_wconf 87' lang='lat' dir='ltr'><strong>iniuria</strong></span> <span class='ocrx_word' id='word_1_13' title='bbox 2003 432 2168 463; x_wconf 89' lang='lat' dir='ltr'><strong>versus</strong></span> 
     </span>
     <span class='ocr_line' id='line_1_5' title="bbox 450 512 1891 568; baseline -0.003 -7"><span class='ocrx_word' id='word_1_14' title='bbox 450 513 598 560; x_wconf 85' lang='lat'>3—32</span> <span class='ocrx_word' id='word_1_15' title='bbox 628 530 715 568; x_wconf 92' lang='lat' dir='ltr'><strong>pro</strong></span> <span class='ocrx_word' id='word_1_16' title='bbox 745 515 1003 568; x_wconf 73' lang='lat' dir='ltr'><strong>fragmento</strong></span> <span class='ocrx_word' id='word_1_17' title='bbox 1034 513 1249 559; x_wconf 89' lang='lat' dir='ltr'><strong>habuerit</strong></span> <span class='ocrx_word' id='word_1_18' title='bbox 1280 528 1402 567; x_wconf 84' lang='lat' dir='ltr'>eque</span> <span class='ocrx_word' id='word_1_19' title='bbox 1433 521 1655 558; x_wconf 87' lang='lat' dir='ltr'><strong>contextu</strong></span> <span class='ocrx_word' id='word_1_20' title='bbox 1687 512 1891 558; x_wconf 89' lang='lat' dir='ltr'><strong>eiecerit.</strong></span> 
     </span>
     <span class='ocr_line' id='line_1_6' title="bbox 452 608 2167 662; baseline -0.002 -7"><span class='ocrx_word' id='word_1_21' title='bbox 452 610 614 655; x_wconf 81' lang='lat' dir='ltr'><strong>Restat</strong></span> <span class='ocrx_word' id='word_1_22' title='bbox 630 618 681 655; x_wconf 91' lang='lat' dir='ltr'><strong>ut</strong></span> <span class='ocrx_word' id='word_1_23' title='bbox 694 609 755 654; x_wconf 92' lang='lat' dir='ltr'><strong>de</strong></span> <span class='ocrx_word' id='word_1_24' title='bbox 772 609 1044 654; x_wconf 90' lang='lat' dir='ltr'><strong>Baehrensii</strong></span> <span class='ocrx_word' id='word_1_25' title='bbox 1062 608 1421 662; x_wconf 83' lang='lat' dir='ltr'><strong>transpositione</strong></span> <span class='ocrx_word' id='word_1_26' title='bbox 1437 608 1552 661; x_wconf 88' lang='lat' dir='ltr'><strong>quid</strong></span> <span class='ocrx_word' id='word_1_27' title='bbox 1569 622 1845 653; x_wconf 84' lang='lat' dir='ltr'><strong>censeamus</strong></span> <span class='ocrx_word' id='word_1_28' title='bbox 1861 608 2167 661; x_wconf 78' lang='lat' dir='ltr'><strong>proferamus.</strong></span> 
     </span>
     <span class='ocr_line' id='line_1_7' title="bbox 569 702 2168 758; baseline -0.001 -9"><span class='ocrx_word' id='word_1_29' title='bbox 569 704 837 756; x_wconf 90' lang='lat' dir='ltr'><strong>Quominus</strong></span> <span class='ocrx_word' id='word_1_30' title='bbox 883 719 993 749; x_wconf 91' lang='lat' dir='ltr'><strong>eum</strong></span> <span class='ocrx_word' id='word_1_31' title='bbox 1040 719 1307 758; x_wconf 88' lang='lat' dir='ltr'><strong>sequamur,</strong></span> <span class='ocrx_word' id='word_1_32' title='bbox 1351 703 1556 755; x_wconf 92' lang='lat' dir='ltr'><strong>primum</strong></span> <span class='ocrx_word' id='word_1_33' title='bbox 1595 703 1803 755; x_wconf 92' lang='lat' dir='ltr'><strong>impedit,</strong></span> <span class='ocrx_word' id='word_1_34' title='bbox 1835 703 1963 756; x_wconf 89' lang='lat' dir='ltr'><strong>quod</strong></span> <span class='ocrx_word' id='word_1_35' title='bbox 1996 711 2046 747; x_wconf 93' lang='lat' dir='ltr'><strong>ut</strong></span> <span class='ocrx_word' id='word_1_36' title='bbox 2077 702 2168 747; x_wconf 89' lang='lat' dir='ltr'><strong>iam</strong></span> 
     </span>
     <span class='ocr_line' id='line_1_8' title="bbox 451 796 2167 851; baseline -0.001 -9"><span class='ocrx_word' id='word_1_37' title='bbox 451 797 822 850; x_wconf 84' lang='lat' dir='ltr'><strong>observavimus,</strong></span> <span class='ocrx_word' id='word_1_38' title='bbox 853 798 990 843; x_wconf 92' lang='lat' dir='ltr'><strong>aliam</strong></span> <span class='ocrx_word' id='word_1_39' title='bbox 1022 807 1228 843; x_wconf 89' lang='lat' dir='ltr'><strong>mentem</strong></span> <span class='ocrx_word' id='word_1_40' title='bbox 1261 798 1437 850; x_wconf 84' lang='lat' dir='ltr'><strong>spirant</strong></span> <span class='ocrx_word' id='word_1_41' title='bbox 1455 813 1621 843; x_wconf 91' lang='lat' dir='ltr'><strong>versus</strong></span> <span class='ocrx_word' id='word_1_42' title='bbox 1643 796 1803 850; x_wconf 85' lang='lat'>3—32,</span> <span class='ocrx_word' id='word_1_43' title='bbox 1820 805 1961 851; x_wconf 88' lang='lat' dir='ltr'><strong>atque</strong></span> <span class='ocrx_word' id='word_1_44' title='bbox 1978 796 2084 842; x_wconf 84' lang='lat'>35—-</span> <span class='ocrx_word' id='word_1_45' title='bbox 2097 796 2167 842; x_wconf 88' lang='lat'><strong>46.</strong></span> 
     </span>
     <span class='ocr_line' id='line_1_9' title="bbox 452 889 2169 950; baseline -0.001 -12"><span class='ocrx_word' id='word_1_46' title='bbox 452 893 599 938; x_wconf 85' lang='lat' dir='ltr'><strong>Recte</strong></span> <span class='ocrx_word' id='word_1_47' title='bbox 647 891 761 938; x_wconf 93' lang='lat' dir='ltr'><strong>Otto</strong></span> <span class='ocrx_word' id='word_1_48' title='bbox 808 890 928 950; x_wconf 89' lang='lat' dir='ltr'><strong>(Die</strong></span> <span class='ocrx_word' id='word_1_49' title='bbox 974 893 1301 938; x_wconf 91' lang='lat' dir='ltr'><strong>Versumstell.</strong></span> <span class='ocrx_word' id='word_1_50' title='bbox 1349 893 1371 937; x_wconf 94' lang='lat' dir='ltr'>I</span> <span class='ocrx_word' id='word_1_51' title='bbox 1418 908 1464 945; x_wconf 92' lang='lat' dir='ltr'><strong>p.</strong></span> <span class='ocrx_word' id='word_1_52' title='bbox 1511 891 1621 950; x_wconf 89' lang='lat'>14):</span> <span class='ocrx_word' id='word_1_53' title='bbox 1655 892 1750 945; x_wconf 91' lang='lat' dir='ltr'><strong>„Es</strong></span> <span class='ocrx_word' id='word_1_54' title='bbox 1782 893 1839 937; x_wconf 91' lang='lat' dir='ltr'><strong>ist</strong></span> <span class='ocrx_word' id='word_1_55' title='bbox 1875 889 2169 950; x_wconf 88' lang='lat' dir='ltr'><strong>(Baehrens)</strong></span> 
     </span>
     <span class='ocr_line' id='line_1_10' title="bbox 454 986 2168 1042; baseline -0.002 -8"><span class='ocrx_word' id='word_1_56' title='bbox 454 997 725 1042; x_wconf 75' lang='lat' dir='ltr'><strong>entgangen‚</strong></span> <span class='ocrx_word' id='word_1_57' title='bbox 757 989 863 1033; x_wconf 92' lang='lat' dir='ltr'><strong>dass</strong></span> <span class='ocrx_word' id='word_1_58' title='bbox 894 989 971 1033; x_wconf 91' lang='lat' dir='ltr'><strong>die</strong></span> <span class='ocrx_word' id='word_1_59' title='bbox 1003 988 1117 1033; x_wconf 86' lang='lat' dir='ltr'><strong>ldee</strong></span> <span class='ocrx_word' id='word_1_60' title='bbox 1148 988 1246 1033; x_wconf 91' lang='lat' dir='ltr'><strong>und</strong></span> <span class='ocrx_word' id='word_1_61' title='bbox 1278 988 1364 1032; x_wconf 88' lang='lat' dir='ltr'><strong>der</strong></span> <span class='ocrx_word' id='word_1_62' title='bbox 1394 996 1542 1041; x_wconf 78' lang='lat' dir='ltr'><strong>ganze</strong></span> <span class='ocrx_word' id='word_1_63' title='bbox 1573 986 1679 1032; x_wconf 91' lang='lat' dir='ltr'><strong>Ton</strong></span> <span class='ocrx_word' id='word_1_64' title='bbox 1711 987 1867 1032; x_wconf 88' lang='lat' dir='ltr'><strong>dieser</strong></span> <span class='ocrx_word' id='word_1_65' title='bbox 1896 987 2050 1032; x_wconf 92' lang='lat' dir='ltr'><strong>Verse</strong></span> <span class='ocrx_word' id='word_1_66' title='bbox 2073 1002 2168 1031; x_wconf 89' lang='lat' dir='ltr'><strong>von</strong></span> 
     </span>
     <span class='ocr_line' id='line_1_11' title="bbox 454 1082 2168 1137; baseline -0.002 -8"><span class='ocrx_word' id='word_1_67' title='bbox 454 1084 564 1129; x_wconf 91' lang='lat' dir='ltr'><strong>dem</strong></span> <span class='ocrx_word' id='word_1_68' title='bbox 595 1099 657 1128; x_wconf 91' lang='lat' dir='ltr'><strong>zu</strong></span> <span class='ocrx_word' id='word_1_69' title='bbox 677 1083 865 1137; x_wconf 75' lang='lat' dir='ltr'><strong>Aniang</strong></span> <span class='ocrx_word' id='word_1_70' title='bbox 880 1083 964 1128; x_wconf 92' lang='lat' dir='ltr'><strong>des</strong></span> <span class='ocrx_word' id='word_1_71' title='bbox 983 1082 1241 1128; x_wconf 90' lang='lat' dir='ltr'><strong>Gedichtes</strong></span> <span class='ocrx_word' id='word_1_72' title='bbox 1258 1082 1610 1127; x_wconf 91' lang='lat' dir='ltr'><strong>herrschenden</strong></span> <span class='ocrx_word' id='word_1_73' title='bbox 1628 1082 1840 1135; x_wconf 77' lang='lat' dir='ltr'><strong>giinzlich</strong></span> <span class='ocrx_word' id='word_1_74' title='bbox 1857 1082 2168 1126; x_wconf 88' lang='lat' dir='ltr'><strong>verschieden</strong></span> 
     </span>
     <span class='ocr_line' id='line_1_12' title="bbox 448 1177 2170 1232; baseline -0.001 -8"><span class='ocrx_word' id='word_1_75' title='bbox 448 1179 548 1224; x_wconf 87' lang='lat' dir='ltr'><strong>ist”.</strong></span> <span class='ocrx_word' id='word_1_76' title='bbox 566 1179 754 1224; x_wconf 90' lang='lat' dir='ltr'><strong>Deinde</strong></span> <span class='ocrx_word' id='word_1_77' title='bbox 770 1179 967 1224; x_wconf 85' lang='lat' dir='ltr'><strong>alterum</strong></span> <span class='ocrx_word' id='word_1_78' title='bbox 989 1193 1180 1232; x_wconf 84' lang='lat' dir='ltr'><strong>quoque</strong></span> <span class='ocrx_word' id='word_1_79' title='bbox 1200 1177 1388 1223; x_wconf 88' lang='lat' dir='ltr'><strong>Ottonis</strong></span> <span class='ocrx_word' id='word_1_80' title='bbox 1402 1186 1735 1231; x_wconf 78' lang='lat' dir='ltr'><strong>argumentum</strong></span> <span class='ocrx_word' id='word_1_81' title='bbox 1758 1186 1920 1222; x_wconf 89' lang='lat' dir='ltr'><strong>contra</strong></span> <span class='ocrx_word' id='word_1_82' title='bbox 1935 1177 2170 1222; x_wconf 89' lang='lat' dir='ltr'><strong>Baehren-</strong></span> 
     </span>
     <span class='ocr_line' id='line_1_13' title="bbox 448 1272 2162 1328; baseline -0.001 -9"><span class='ocrx_word' id='word_1_83' title='bbox 448 1274 569 1319; x_wconf 89' lang='lat' dir='ltr'><strong>sium</strong></span> <span class='ocrx_word' id='word_1_84' title='bbox 584 1282 784 1328; x_wconf 78' lang='lat' dir='ltr'><strong>pugnat:</strong></span> <span class='ocrx_word' id='word_1_85' title='bbox 803 1273 1044 1327; x_wconf 88' lang='lat' dir='ltr'><strong>„Properz</strong></span> <span class='ocrx_word' id='word_1_86' title='bbox 1056 1273 1183 1318; x_wconf 89' lang='lat' dir='ltr'><strong>kann</strong></span> <span class='ocrx_word' id='word_1_87' title='bbox 1216 1273 1484 1326; x_wconf 73' lang='lat' dir='ltr'><strong>unmoglich</strong></span> <span class='ocrx_word' id='word_1_88' title='bbox 1504 1273 1581 1318; x_wconf 93' lang='lat' dir='ltr'><strong>die</strong></span> <span class='ocrx_word' id='word_1_89' title='bbox 1603 1273 1811 1318; x_wconf 66' lang='lat' dir='ltr'><strong>naheren</strong></span> <span class='ocrx_word' id='word_1_90' title='bbox 1831 1272 2162 1326; x_wconf 81' lang='lat' dir='ltr'><strong>Mitteilungen</strong></span> 
     </span>
     <span class='ocr_line' id='line_1_14' title="bbox 451 1365 2168 1426; baseline -0.001 -12"><span class='ocrx_word' id='word_1_91' title='bbox 451 1369 570 1414; x_wconf 80' lang='lat' dir='ltr'><strong>iiber</strong></span> <span class='ocrx_word' id='word_1_92' title='bbox 583 1369 660 1414; x_wconf 91' lang='lat' dir='ltr'><strong>die</strong></span> <span class='ocrx_word' id='word_1_93' title='bbox 675 1368 935 1413; x_wconf 89' lang='lat' dir='ltr'><strong>Krankheit</strong></span> <span class='ocrx_word' id='word_1_94' title='bbox 953 1367 1182 1420; x_wconf 88' lang='lat' dir='ltr'><strong>Cynthias</strong></span> <span class='ocrx_word' id='word_1_95' title='bbox 1189 1365 1261 1426; x_wconf 88' lang='lat' dir='ltr'><strong>(v.</strong></span> <span class='ocrx_word' id='word_1_96' title='bbox 1270 1366 1297 1412; x_wconf 89' lang='lat'>3</span> <span class='ocrx_word' id='word_1_97' title='bbox 1306 1365 1379 1425; x_wconf 87' lang='lat' dir='ltr'><strong>ff.)</strong></span> <span class='ocrx_word' id='word_1_98' title='bbox 1388 1367 1545 1412; x_wconf 90' lang='lat' dir='ltr'><strong>mitten</strong></span> <span class='ocrx_word' id='word_1_99' title='bbox 1563 1367 1723 1412; x_wconf 91' lang='lat' dir='ltr'><strong>hinein</strong></span> <span class='ocrx_word' id='word_1_100' title='bbox 1736 1367 2001 1420; x_wconf 82' lang='lat' dir='ltr'><strong>geschoben</strong></span> <span class='ocrx_word' id='word_1_101' title='bbox 2013 1368 2168 1413; x_wconf 89' lang='lat' dir='ltr'><strong>haben</strong></span> 
     </span>
     <span class='ocr_line' id='line_1_15' title="bbox 449 1462 2169 1517; baseline -0.001 -9"><span class='ocrx_word' id='word_1_102' title='bbox 449 1464 496 1509; x_wconf 90' lang='lat' dir='ltr'><strong>in</strong></span> <span class='ocrx_word' id='word_1_103' title='bbox 542 1463 620 1508; x_wconf 88' lang='lat' dir='ltr'><strong>die</strong></span> <span class='ocrx_word' id='word_1_104' title='bbox 666 1463 811 1508; x_wconf 91' lang='lat' dir='ltr'><strong>daran</strong></span> <span class='ocrx_word' id='word_1_105' title='bbox 854 1463 1140 1517; x_wconf 73' lang='lat' dir='ltr'><strong>gekniiptten</strong></span> <span class='ocrx_word' id='word_1_106' title='bbox 1173 1462 1562 1516; x_wconf 78' lang='lat' dir='ltr'><strong>Betrachtungen,</strong></span> <span class='ocrx_word' id='word_1_107' title='bbox 1594 1462 1685 1508; x_wconf 89' lang='lat' dir='ltr'><strong>wie</strong></span> <span class='ocrx_word' id='word_1_108' title='bbox 1716 1462 1817 1507; x_wconf 91' lang='lat' dir='ltr'><strong>dies</strong></span> <span class='ocrx_word' id='word_1_109' title='bbox 1848 1462 1925 1508; x_wconf 89' lang='lat' dir='ltr'><strong>bei</strong></span> <span class='ocrx_word' id='word_1_110' title='bbox 1958 1462 2169 1508; x_wconf 75' lang='lat' dir='ltr'><strong>Biihrens</strong></span> 
     </span>
     <span class='ocr_line' id='line_1_16' title="bbox 452 1558 844 1605; baseline -0.003 -1"><span class='ocrx_word' id='word_1_111' title='bbox 452 1560 539 1605; x_wconf 90' lang='lat' dir='ltr'><strong>der</strong></span> <span class='ocrx_word' id='word_1_112' title='bbox 569 1558 672 1604; x_wconf 90' lang='lat' dir='ltr'><strong>Fall</strong></span> <span class='ocrx_word' id='word_1_113' title='bbox 703 1562 844 1604; x_wconf 65' lang='lat' dir='ltr'><strong>ware.</strong></span> 
     </span>
     <span class='ocr_line' id='line_1_17' title="bbox 448 1653 2168 1708; baseline -0.001 -8"><span class='ocrx_word' id='word_1_114' title='bbox 448 1655 661 1707; x_wconf 81' lang='lat' dir='ltr'><strong>Apparet</strong></span> <span class='ocrx_word' id='word_1_115' title='bbox 692 1654 828 1708; x_wconf 78' lang='lat' dir='ltr'><strong>igitur</strong></span> <span class='ocrx_word' id='word_1_116' title='bbox 854 1669 1044 1699; x_wconf 88' lang='lat' dir='ltr'><strong>carmen</strong></span> <span class='ocrx_word' id='word_1_117' title='bbox 1077 1662 1288 1699; x_wconf 89' lang='lat' dir='ltr'><strong>nostrum</strong></span> <span class='ocrx_word' id='word_1_118' title='bbox 1308 1669 1456 1699; x_wconf 90' lang='lat' dir='ltr'><strong>unum</strong></span> <span class='ocrx_word' id='word_1_119' title='bbox 1474 1668 1591 1706; x_wconf 86' lang='lat' dir='ltr'><strong>esse,</strong></span> <span class='ocrx_word' id='word_1_120' title='bbox 1618 1655 1701 1699; x_wconf 93' lang='lat' dir='ltr'><strong>sed</strong></span> <span class='ocrx_word' id='word_1_121' title='bbox 1719 1669 1779 1699; x_wconf 86' lang='lat' dir='ltr'><strong>ex</strong></span> <span class='ocrx_word' id='word_1_122' title='bbox 1794 1653 1943 1699; x_wconf 92' lang='lat' dir='ltr'><strong>tribus</strong></span> <span class='ocrx_word' id='word_1_123' title='bbox 1959 1653 2168 1706; x_wconf 89' lang='lat' dir='ltr'><strong>partibus</strong></span> 
     </span>
    </p>
   </div>
   <div class='ocr_carea' id='block_1_5' title="bbox 449 1745 2167 1901">
    <p class='ocr_par' dir='ltr' id='par_1_5' title="bbox 449 1745 2167 1901">
     <span class='ocr_line' id='line_1_18' title="bbox 449 1745 2167 1806; baseline -0.001 -12"><span class='ocrx_word' id='word_1_124' title='bbox 449 1757 676 1800; x_wconf 85' lang='lat' dir='ltr'><strong>constare,</strong></span> <span class='ocrx_word' id='word_1_125' title='bbox 720 1763 841 1802; x_wconf 85' lang='lat' dir='ltr'><strong>quae</strong></span> <span class='ocrx_word' id='word_1_126' title='bbox 886 1763 1034 1802; x_wconf 91' lang='lat' dir='ltr'><strong>parvo</strong></span> <span class='ocrx_word' id='word_1_127' title='bbox 1077 1748 1225 1801; x_wconf 88' lang='lat' dir='ltr'><strong>spatio</strong></span> <span class='ocrx_word' id='word_1_128' title='bbox 1255 1757 1489 1801; x_wconf 78' lang='lat' dir='ltr'><strong>segregata</strong></span> <span class='ocrx_word' id='word_1_129' title='bbox 1520 1748 1833 1801; x_wconf 89' lang='lat' dir='ltr'><strong>imprimenda</strong></span> <span class='ocrx_word' id='word_1_130' title='bbox 1862 1756 1983 1794; x_wconf 89' lang='lat' dir='ltr'><strong>sunt.</strong></span> <span class='ocrx_word' id='word_1_131' title='bbox 2015 1745 2093 1806; x_wconf 90' lang='lat' dir='ltr'><strong>(I:</strong></span> <span class='ocrx_word' id='word_1_132' title='bbox 2128 1747 2167 1792; x_wconf 90' lang='lat'><strong>1.</strong></span> 
     </span>
     <span class='ocr_line' id='line_1_19' title="bbox 449 1840 1564 1901; baseline -0.001 -13"><span class='ocrx_word' id='word_1_133' title='bbox 449 1843 491 1889; x_wconf 90' lang='lat'><strong>2.</strong></span> <span class='ocrx_word' id='word_1_134' title='bbox 523 1843 594 1889; x_wconf 91' lang='grc'><strong>33.</strong></span> <span class='ocrx_word' id='word_1_135' title='bbox 626 1843 698 1888; x_wconf 87' lang='grc'><strong>34.</strong></span> <span class='ocrx_word' id='word_1_136' title='bbox 730 1842 891 1895; x_wconf 87' lang='grc'>3-32,</span> <span class='ocrx_word' id='word_1_137' title='bbox 924 1843 970 1888; x_wconf 92' lang='lat'><strong>11</strong></span> <span class='ocrx_word' id='word_1_138' title='bbox 1003 1842 1193 1895; x_wconf 86' lang='lat'>35-46,</span> <span class='ocrx_word' id='word_1_139' title='bbox 1226 1843 1313 1888; x_wconf 90' lang='lat'>111.</span> <span class='ocrx_word' id='word_1_140' title='bbox 1345 1840 1564 1901; x_wconf 87' lang='lat'><strong>47—62.)</strong></span> 
     </span>
    </p>
   </div>
   <div class='ocr_carea' id='block_1_6' title="bbox 451 1985 2167 2228">
    <p class='ocr_par' dir='ltr' id='par_1_6' title="bbox 451 1985 2167 2228">
     <span class='ocr_line' id='line_1_20' title="bbox 451 1985 1694 2039; baseline -0.001 -9"><span class='ocrx_word' id='word_1_141' title='bbox 451 1985 712 2031; x_wconf 88' lang='lat' dir='ltr'><strong>Videamus</strong></span> <span class='ocrx_word' id='word_1_142' title='bbox 743 2000 870 2030; x_wconf 89' lang='lat' dir='ltr'><strong>nunc</strong></span> <span class='ocrx_word' id='word_1_143' title='bbox 901 1985 962 2030; x_wconf 91' lang='lat' dir='ltr'><strong>de</strong></span> <span class='ocrx_word' id='word_1_144' title='bbox 993 1985 1183 2039; x_wconf 77' lang='lat' dir='ltr'><strong>singulis</strong></span> <span class='ocrx_word' id='word_1_145' title='bbox 1213 1985 1327 2031; x_wconf 92' lang='lat' dir='ltr'><strong>locis</strong></span> <span class='ocrx_word' id='word_1_146' title='bbox 1358 1985 1694 2031; x_wconf 88' lang='lat' dir='ltr'><strong>difficilioribus</strong></span> 
     </span>
     <span class='ocr_line' id='line_1_21' title="bbox 1823 2080 2167 2134; baseline -0.003 -9"><span class='ocrx_word' id='word_1_147' title='bbox 1823 2080 1900 2125; x_wconf 92' lang='lat' dir='ltr'><strong>illa</strong></span> <span class='ocrx_word' id='word_1_148' title='bbox 1930 2094 2167 2134; x_wconf 86' lang='lat' dir='ltr'><strong>peraeque</strong></span> 
     </span>
     <span class='ocr_line' id='line_1_22' title="bbox 1107 2176 2047 2228; baseline -0.001 -8"><span class='ocrx_word' id='word_1_149' title='bbox 1107 2190 1218 2228; x_wconf 90' lang='lat' dir='ltr'><strong>prae</strong></span> <span class='ocrx_word' id='word_1_150' title='bbox 1250 2191 1300 2220; x_wconf 88' lang='lat' dir='ltr'><strong>se</strong></span> <span class='ocrx_word' id='word_1_151' title='bbox 1332 2176 1548 2221; x_wconf 77' lang='lat' dir='ltr'><strong>formosis</strong></span> <span class='ocrx_word' id='word_1_152' title='bbox 1578 2176 1811 2221; x_wconf 89' lang='lat' dir='ltr'><strong>invidiosa</strong></span> <span class='ocrx_word' id='word_1_153' title='bbox 1844 2176 1933 2220; x_wconf 93' lang='lat' dir='ltr'><strong>dea</strong></span> <span class='ocrx_word' id='word_1_154' title='bbox 1965 2184 2047 2220; x_wconf 90' lang='lat' dir='ltr'><strong>est.</strong></span> 
     </span>
    </p>
   </div>
   <div class='ocr_carea' id='block_1_7' title="bbox 450 2268 2164 2424">
    <p class='ocr_par' dir='ltr' id='par_1_7' title="bbox 450 2268 2164 2424">
     <span class='ocr_line' id='line_1_23' title="bbox 450 2268 2164 2329; baseline 0 -15"><span class='ocrx_word' id='word_1_155' title='bbox 450 2278 611 2315; x_wconf 88' lang='lat' dir='ltr'><strong>contra</strong></span> <span class='ocrx_word' id='word_1_156' title='bbox 643 2269 999 2315; x_wconf 89' lang='lat' dir='ltr'><strong>Lachmannum</strong></span> <span class='ocrx_word' id='word_1_157' title='bbox 1031 2279 1158 2315; x_wconf 90' lang='lat' dir='ltr'><strong>recte</strong></span> <span class='ocrx_word' id='word_1_158' title='bbox 1190 2271 1401 2316; x_wconf 87' lang='lat' dir='ltr'><strong>defendit</strong></span> <span class='ocrx_word' id='word_1_159' title='bbox 1431 2271 1677 2316; x_wconf 86' lang='lat' dir='ltr'><strong>Vahlenus</strong></span> <span class='ocrx_word' id='word_1_160' title='bbox 1709 2268 1976 2329; x_wconf 88' lang='lat' dir='ltr'><strong>(Monatsb.</strong></span> <span class='ocrx_word' id='word_1_161' title='bbox 2006 2269 2164 2315; x_wconf 86' lang='lat' dir='ltr'><strong>Akad.</strong></span> 
     </span>
     <span class='ocr_line' id='line_1_24' title="bbox 452 2363 1255 2424; baseline 0 -15"><span class='ocrx_word' id='word_1_162' title='bbox 452 2363 592 2409; x_wconf 89' lang='lat' dir='ltr'><strong>Wiss.</strong></span> <span class='ocrx_word' id='word_1_163' title='bbox 625 2363 782 2409; x_wconf 88' lang='lat' dir='ltr'><strong>Berlin</strong></span> <span class='ocrx_word' id='word_1_164' title='bbox 818 2363 929 2410; x_wconf 90' lang='lat'>1881</span> <span class='ocrx_word' id='word_1_165' title='bbox 963 2380 1007 2418; x_wconf 90' lang='lat' dir='ltr'><strong>p.</strong></span> <span class='ocrx_word' id='word_1_166' title='bbox 1040 2364 1126 2410; x_wconf 86' lang='lat'><strong>344</strong></span> <span class='ocrx_word' id='word_1_167' title='bbox 1159 2363 1255 2424; x_wconf 88' lang='lat' dir='ltr'><strong>sq.)</strong></span> 
     </span>
    </p>
   </div>
   <div class='ocr_carea' id='block_1_8' title="bbox 446 2506 2165 3416">
    <p class='ocr_par' dir='ltr' id='par_1_8' title="bbox 450 2506 1538 2562">
     <span class='ocr_line' id='line_1_25' title="bbox 450 2506 1538 2562; baseline 0.003 -12"><span class='ocrx_word' id='word_1_168' title='bbox 450 2506 537 2551; x_wconf 91' lang='lat' dir='ltr'><strong>Ino</strong></span> <span class='ocrx_word' id='word_1_169' title='bbox 567 2506 706 2552; x_wconf 90' lang='lat' dir='ltr'><strong>etiam</strong></span> <span class='ocrx_word' id='word_1_170' title='bbox 738 2506 889 2559; x_wconf 89' lang='lat' dir='ltr'><strong>prima</strong></span> <span class='ocrx_word' id='word_1_171' title='bbox 918 2508 1054 2553; x_wconf 90' lang='lat' dir='ltr'><strong>terris</strong></span> <span class='ocrx_word' id='word_1_172' title='bbox 1084 2516 1232 2553; x_wconf 90' lang='lat' dir='ltr'><strong>aetate</strong></span> <span class='ocrx_word' id='word_1_173' title='bbox 1264 2517 1427 2562; x_wconf 81' lang='lat' dir='ltr'><strong>vagata</strong></span> <span class='ocrx_word' id='word_1_174' title='bbox 1454 2517 1538 2553; x_wconf 86' lang='lat' dir='ltr'><strong>est.</strong></span> 
     </span>
    </p>

    <p class='ocr_par' dir='ltr' id='par_1_9' title="bbox 450 2601 1418 2657">
     <span class='ocr_line' id='line_1_26' title="bbox 450 2601 1418 2657; baseline 0.003 -11"><span class='ocrx_word' id='word_1_175' title='bbox 450 2601 770 2647; x_wconf 89' lang='lat' dir='ltr'><strong>Rothsteinius</strong></span> <span class='ocrx_word' id='word_1_176' title='bbox 800 2602 936 2648; x_wconf 84' lang='lat' dir='ltr'><strong>citata</strong></span> <span class='ocrx_word' id='word_1_177' title='bbox 967 2602 1147 2657; x_wconf 79' lang='lat' dir='ltr'><strong>Hygini</strong></span> <span class='ocrx_word' id='word_1_178' title='bbox 1177 2603 1335 2649; x_wconf 87' lang='lat' dir='ltr'><strong>fabula</strong></span> <span class='ocrx_word' id='word_1_179' title='bbox 1365 2604 1418 2649; x_wconf 88' lang='lat'><strong>4:</strong></span> 
     </span>
    </p>

    <p class='ocr_par' dir='ltr' id='par_1_10' title="bbox 446 2695 2165 3416">
     <span class='ocr_line' id='line_1_27' title="bbox 451 2695 2165 2754; baseline 0.001 -13"><span class='ocrx_word' id='word_1_180' title='bbox 451 2695 707 2748; x_wconf 87' lang='lat' dir='ltr'><strong>„Athamas</strong></span> <span class='ocrx_word' id='word_1_181' title='bbox 750 2698 798 2742; x_wconf 90' lang='lat' dir='ltr'><strong>in</strong></span> <span class='ocrx_word' id='word_1_182' title='bbox 841 2697 1083 2744; x_wconf 85' lang='lat' dir='ltr'><strong>Thessalia</strong></span> <span class='ocrx_word' id='word_1_183' title='bbox 1114 2714 1198 2744; x_wconf 89' lang='lat' dir='ltr'><strong>rex</strong></span> <span class='ocrx_word' id='word_1_184' title='bbox 1229 2714 1338 2744; x_wconf 92' lang='lat' dir='ltr'><strong>cum</strong></span> <span class='ocrx_word' id='word_1_185' title='bbox 1371 2699 1570 2745; x_wconf 90' lang='lat' dir='ltr'><strong>Inonem</strong></span> <span class='ocrx_word' id='word_1_186' title='bbox 1602 2715 1799 2745; x_wconf 85' lang='lat' dir='ltr'><strong>uxorem</strong></span> <span class='ocrx_word' id='word_1_187' title='bbox 1832 2715 1892 2745; x_wconf 88' lang='lat' dir='ltr'><strong>ex</strong></span> <span class='ocrx_word' id='word_1_188' title='bbox 1923 2714 2015 2754; x_wconf 89' lang='lat' dir='ltr'><strong>qua</strong></span> <span class='ocrx_word' id='word_1_189' title='bbox 2046 2700 2165 2744; x_wconf 89' lang='lat' dir='ltr'><strong>duos</strong></span> 
     </span>
     <span class='ocr_line' id='line_1_28' title="bbox 448 2790 2165 2849; baseline 0.003 -14"><span class='ocrx_word' id='word_1_190' title='bbox 448 2791 566 2836; x_wconf 91' lang='lat' dir='ltr'><strong>filios</strong></span> <span class='ocrx_word' id='word_1_191' title='bbox 596 2790 823 2849; x_wconf 87' lang='lat' dir='ltr'><strong>(peperit)</strong></span> <span class='ocrx_word' id='word_1_192' title='bbox 854 2793 1047 2844; x_wconf 89' lang='lat' dir='ltr'><strong>periisse</strong></span> <span class='ocrx_word' id='word_1_193' title='bbox 1079 2802 1274 2847; x_wconf 89' lang='lat' dir='ltr'><strong>putaret,</strong></span> <span class='ocrx_word' id='word_1_194' title='bbox 1307 2795 1439 2839; x_wconf 85' lang='lat' dir='ltr'><strong>duxit</strong></span> <span class='ocrx_word' id='word_1_195' title='bbox 1472 2794 1727 2847; x_wconf 86' lang='lat' dir='ltr'><strong>Nymphae</strong></span> <span class='ocrx_word' id='word_1_196' title='bbox 1771 2795 1912 2839; x_wconf 88' lang='lat' dir='ltr'><strong>filiam</strong></span> <span class='ocrx_word' id='word_1_197' title='bbox 1953 2794 2165 2840; x_wconf 91' lang='lat' dir='ltr'><strong>Themis-</strong></span> 
     </span>
     <span class='ocr_line' id='line_1_29' title="bbox 447 2889 2162 2942; baseline 0.003 -12"><span class='ocrx_word' id='word_1_198' title='bbox 447 2894 606 2931; x_wconf 91' lang='lat' dir='ltr'><strong>tonem</strong></span> <span class='ocrx_word' id='word_1_199' title='bbox 649 2901 870 2931; x_wconf 88' lang='lat' dir='ltr'><strong>uxorem:</strong></span> <span class='ocrx_word' id='word_1_200' title='bbox 915 2902 974 2932; x_wconf 87' lang='lat' dir='ltr'><strong>ex</strong></span> <span class='ocrx_word' id='word_1_201' title='bbox 1015 2903 1071 2933; x_wconf 91' lang='lat' dir='ltr'><strong>ea</strong></span> <span class='ocrx_word' id='word_1_202' title='bbox 1107 2889 1317 2942; x_wconf 77' lang='lat' dir='ltr'><strong>geminos</strong></span> <span class='ocrx_word' id='word_1_203' title='bbox 1348 2889 1466 2934; x_wconf 91' lang='lat' dir='ltr'><strong>filios</strong></span> <span class='ocrx_word' id='word_1_204' title='bbox 1497 2889 1774 2942; x_wconf 89' lang='lat' dir='ltr'><strong>procreavit.</strong></span> <span class='ocrx_word' id='word_1_205' title='bbox 1808 2889 1976 2935; x_wconf 88' lang='lat' dir='ltr'><strong>Postea</strong></span> <span class='ocrx_word' id='word_1_206' title='bbox 2006 2890 2162 2935; x_wconf 87' lang='lat' dir='ltr'><strong>resciit</strong></span> 
     </span>
     <span class='ocr_line' id='line_1_30' title="bbox 449 2981 2162 3037; baseline 0.002 -12"><span class='ocrx_word' id='word_1_207' title='bbox 449 2981 647 3026; x_wconf 89' lang='lat' dir='ltr'><strong>Inonem</strong></span> <span class='ocrx_word' id='word_1_208' title='bbox 679 2981 726 3026; x_wconf 91' lang='lat' dir='ltr'><strong>in</strong></span> <span class='ocrx_word' id='word_1_209' title='bbox 760 2981 965 3028; x_wconf 89' lang='lat' dir='ltr'><strong>Parnaso</strong></span> <span class='ocrx_word' id='word_1_210' title='bbox 986 2998 1102 3036; x_wconf 86' lang='lat' dir='ltr'><strong>esse,</strong></span> <span class='ocrx_word' id='word_1_211' title='bbox 1126 2999 1266 3037; x_wconf 91' lang='lat' dir='ltr'><strong>quam</strong></span> <span class='ocrx_word' id='word_1_212' title='bbox 1290 2984 1605 3029; x_wconf 89' lang='lat' dir='ltr'><strong>bacchationis</strong></span> <span class='ocrx_word' id='word_1_213' title='bbox 1627 2999 1766 3029; x_wconf 86' lang='lat' dir='ltr'><strong>causa</strong></span> <span class='ocrx_word' id='word_1_214' title='bbox 1787 2999 1845 3029; x_wconf 94' lang='lat' dir='ltr'><strong>eo</strong></span> <span class='ocrx_word' id='word_1_215' title='bbox 1861 2984 2162 3036; x_wconf 85' lang='lat' dir='ltr'><strong>pervenisse”</strong></span> 
     </span>
     <span class='ocr_line' id='line_1_31' title="bbox 447 3075 2163 3131; baseline 0.003 -13"><span class='ocrx_word' id='word_1_216' title='bbox 447 3083 660 3119; x_wconf 87' lang='lat' dir='ltr'><strong>annotat:</strong></span> <span class='ocrx_word' id='word_1_217' title='bbox 693 3075 788 3127; x_wconf 90' lang='lat' dir='ltr'><strong>„Es</strong></span> <span class='ocrx_word' id='word_1_218' title='bbox 819 3076 877 3121; x_wconf 88' lang='lat' dir='ltr'><strong>ist</strong></span> <span class='ocrx_word' id='word_1_219' title='bbox 907 3078 1108 3131; x_wconf 72' lang='lat' dir='ltr'><strong>moglich</strong></span> <span class='ocrx_word' id='word_1_220' title='bbox 1139 3079 1244 3124; x_wconf 88' lang='lat' dir='ltr'><strong>dass</strong></span> <span class='ocrx_word' id='word_1_221' title='bbox 1284 3078 1495 3131; x_wconf 88' lang='lat' dir='ltr'><strong>Properz</strong></span> <span class='ocrx_word' id='word_1_222' title='bbox 1526 3078 1629 3123; x_wconf 93' lang='lat' dir='ltr'><strong>hier</strong></span> <span class='ocrx_word' id='word_1_223' title='bbox 1659 3093 1718 3123; x_wconf 89' lang='lat' dir='ltr'><strong>an</strong></span> <span class='ocrx_word' id='word_1_224' title='bbox 1751 3079 1903 3123; x_wconf 90' lang='lat' dir='ltr'><strong>dieses</strong></span> <span class='ocrx_word' id='word_1_225' title='bbox 1935 3078 2163 3123; x_wconf 88' lang='lat' dir='ltr'><strong>bacchan-</strong></span> 
     </span>
     <span class='ocr_line' id='line_1_32' title="bbox 447 3168 2162 3226; baseline 0.002 -12"><span class='ocrx_word' id='word_1_226' title='bbox 447 3169 594 3214; x_wconf 90' lang='lat' dir='ltr'><strong>tische</strong></span> <span class='ocrx_word' id='word_1_227' title='bbox 623 3168 829 3216; x_wconf 88' lang='lat' dir='ltr'><strong>Treiben</strong></span> <span class='ocrx_word' id='word_1_228' title='bbox 851 3172 899 3216; x_wconf 92' lang='lat' dir='ltr'><strong>in</strong></span> <span class='ocrx_word' id='word_1_229' title='bbox 916 3173 1002 3216; x_wconf 93' lang='lat' dir='ltr'><strong>der</strong></span> <span class='ocrx_word' id='word_1_230' title='bbox 1014 3172 1055 3216; x_wconf 93' lang='lat' dir='ltr'>F</span> <span class='ocrx_word' id='word_1_231' title='bbox 1057 3174 1221 3218; x_wconf 88' lang='lat' dir='ltr'><strong>remde</strong></span> <span class='ocrx_word' id='word_1_232' title='bbox 1248 3173 1437 3218; x_wconf 89' lang='lat' dir='ltr'><strong>denkt&#39;&#39;.</strong></span> <span class='ocrx_word' id='word_1_233' title='bbox 1465 3172 1558 3218; x_wconf 92' lang='lat' dir='ltr'><strong>Sed</strong></span> <span class='ocrx_word' id='word_1_234' title='bbox 1580 3173 1627 3217; x_wconf 93' lang='lat' dir='ltr'><strong>in</strong></span> <span class='ocrx_word' id='word_1_235' title='bbox 1651 3173 1723 3217; x_wconf 92' lang='lat' dir='ltr'><strong>his</strong></span> <span class='ocrx_word' id='word_1_236' title='bbox 1747 3173 1926 3226; x_wconf 79' lang='lat' dir='ltr'><strong>Hygini</strong></span> <span class='ocrx_word' id='word_1_237' title='bbox 1948 3172 2162 3217; x_wconf 90' lang='lat' dir='ltr'><strong>versibus</strong></span> 
     </span>
     <span class='ocr_line' id='line_1_33' title="bbox 447 3263 2164 3320; baseline 0.003 -13"><span class='ocrx_word' id='word_1_238' title='bbox 447 3263 563 3308; x_wconf 91' lang='lat' dir='ltr'><strong>nihil</strong></span> <span class='ocrx_word' id='word_1_239' title='bbox 605 3263 763 3309; x_wconf 85' lang='lat' dir='ltr'><strong>auxilii</strong></span> <span class='ocrx_word' id='word_1_240' title='bbox 804 3266 864 3309; x_wconf 91' lang='lat' dir='ltr'><strong>ad</strong></span> <span class='ocrx_word' id='word_1_241' title='bbox 908 3265 1140 3318; x_wconf 91' lang='lat' dir='ltr'><strong>Propertii</strong></span> <span class='ocrx_word' id='word_1_242' title='bbox 1183 3267 1354 3312; x_wconf 88' lang='lat' dir='ltr'><strong>verba:</strong></span> <span class='ocrx_word' id='word_1_243' title='bbox 1397 3267 1584 3312; x_wconf 90' lang='lat' dir='ltr'><strong>terris</strong></span> <span class='ocrx_word' id='word_1_244' title='bbox 1627 3275 1846 3320; x_wconf 80' lang='lat' dir='ltr'><strong>vagata</strong></span> <span class='ocrx_word' id='word_1_245' title='bbox 1888 3276 1980 3312; x_wconf 92' lang='lat' dir='ltr'><strong>est</strong></span> <span class='ocrx_word' id='word_1_246' title='bbox 2021 3266 2164 3319; x_wconf 87' lang='lat' dir='ltr'><strong>expli·</strong></span> 
     </span>
     <span class='ocr_line' id='line_1_34' title="bbox 446 3358 2163 3416; baseline 0.004 -15"><span class='ocrx_word' id='word_1_247' title='bbox 446 3358 609 3409; x_wconf 87' lang='lat' dir='ltr'><strong>canda,</strong></span> <span class='ocrx_word' id='word_1_248' title='bbox 670 3359 942 3410; x_wconf 88' lang='lat' dir='ltr'><strong>praesertim</strong></span> <span class='ocrx_word' id='word_1_249' title='bbox 1010 3376 1118 3405; x_wconf 92' lang='lat' dir='ltr'><strong>cum</strong></span> <span class='ocrx_word' id='word_1_250' title='bbox 1177 3361 1622 3407; x_wconf 88' lang='lat' dir='ltr'><strong>bacchationis</strong></span> <span class='ocrx_word' id='word_1_251' title='bbox 1668 3376 1867 3414; x_wconf 83' lang='lat' dir='ltr'><strong>causa,</strong></span> <span class='ocrx_word' id='word_1_252' title='bbox 1915 3361 2028 3416; x_wconf 87' lang='lat' dir='ltr'><strong>quid</strong></span> <span class='ocrx_word' id='word_1_253' title='bbox 2074 3360 2163 3408; x_wconf 89' lang='lat' dir='ltr'><strong>sibi</strong></span> 
     </span>
    </p>
   </div>
   <div class='ocr_carea' id='block_1_9' title="bbox 449 3451 967 3508">
    <p class='ocr_par' dir='ltr' id='par_1_11' title="bbox 449 3451 967 3508">
     <span class='ocr_line' id='line_1_35' title="bbox 449 3451 967 3508; baseline 0 -10"><span class='ocrx_word' id='word_1_254' title='bbox 449 3451 576 3506; x_wconf 84' lang='lat' dir='ltr'><strong>velit,</strong></span> <span class='ocrx_word' id='word_1_255' title='bbox 608 3466 703 3497; x_wconf 93' lang='lat' dir='ltr'><strong>non</strong></span> <span class='ocrx_word' id='word_1_256' title='bbox 735 3462 967 3508; x_wconf 88' lang='lat' dir='ltr'><strong>appareat.</strong></span> 
     </span>
    </p>
   </div>
  </div>
 </body>
</html>
