2566 3886
330 391 401 437 82.

1114 260 1378 307 -329-

463 392 557 437 Pro
588 392 857 437 differat
886 408 994 437 cum
1027 392 1229 437 Francio
1260 390 1558 444 Schippersio
1590 391 1855 436 Hartmano
1886 390 2175 435 differet

462 487 644 539 scribo;
676 487 1029 532 coniunctivum
1060 502 1147 539 pro
1176 486 1335 531 futuro
1366 487 1581 539 accipere
1611 486 1688 531 hic
1721 486 1860 531 nimis
1876 485 2172 539 ambiguum

462 582 501 627 si
519 582 871 627 coniunctivum
894 581 1020 626 idem
1043 581 1201 626 valere
1223 589 1363 634 atque
1378 580 1707 632 imperativum
1723 588 1955 633 putamus,
1971 579 2173 632 Augusti

461 677 629 722 honori
666 686 851 729 poetam
888 677 1223 721 detrectantem
1254 675 1474 727 facimus3
1506 690 1592 719 cur
1621 675 1748 720 enim
1779 674 2022 728 Augustus
2052 673 2171 726 parti

462 769 670 815 Orientis
701 771 912 815 nondum
943 770 1094 814 victae
1125 777 1338 822 parceret
1367 768 1455 814 nisi
1487 777 1538 813 ut
1568 768 1672 813 filiis
1702 768 2007 822 subigendam
2036 768 2173 813 relin-

461 873 627 918 queret
637 863 665 909 P

1053 1264 1306 1310 ELEGIA
1336 1264 1449 1309 VII.

461 1449 733 1502 Luridaque
769 1456 809 1496 -l-
846 1448 1058 1493 eiunctos
1088 1448 1246 1501 effugit
1277 1448 1446 1493 umbra
1473 1457 1609 1502 rogos

460 1543 501 1588 E
518 1543 533 1588 i
549 1559 580 1588 u
597 1559 628 1588 n
645 1558 671 1588 c
687 1552 704 1588 t
720 1558 750 1588 o
766 1558 787 1588 s
818 1551 1086 1595 corruptam
1118 1542 1368 1588 lectionem
1402 1542 1703 1596 Neapolitani
1735 1543 1950 1597 plerique
1966 1544 2171 1589 editores

459 1638 712 1683 emendare
757 1647 986 1683 conantur
1017 1637 1239 1682 Italorum
1272 1637 1541 1683 coniectura
1571 1638 1835 1691 evictos‚
1868 1654 2009 1693 quam
2041 1639 2171 1684 varie

458 1732 703 1784 explicant.
751 1731 1073 1777 Rothsteinius
1122 1732 1373 1777 evincendi
1420 1732 1622 1777 verbum
1667 1733 1743 1777 bic
1774 1733 2034 1779 adhibitum
2066 1748 2169 1779 esse

459 1827 628 1871 eodem
659 1827 803 1871 modo
833 1835 974 1880 atquo
1005 1827 1095 1872 hoc
1126 1827 1231 1871 loco
1262 1826 1440 1880 Ovidii,
1473 1827 1592 1873 Met.
1623 1827 1761 1880 XIV,
1793 1827 1905 1873 768:

575 1921 724 1976 qualis
755 1921 837 1966 ubi
868 1922 1104 1975 oppositas
1135 1921 1413 1967 nitidissima
1443 1923 1553 1967 solis
1584 1922 1735 1976 imago

578 2016 719 2062 evicit
748 2015 898 2061 nubes
929 2016 1150 2069 nullaque
1181 2017 1393 2062 obstante
1425 2018 1620 2063 reluxit:

460 2112 520 2156 de
550 2111 727 2156 lumine
757 2110 907 2164 igitur,
938 2111 1067 2165 quod
1098 2111 1315 2157 tenebras
1346 2121 1392 2157 et
1422 2113 1665 2166 caliginem
1703 2114 1940 2166 sepulchri
1971 2113 2169 2165 evincit;

459 2206 550 2251 hoc
580 2214 736 2251 tamen
768 2207 829 2251 de
860 2206 1042 2251 lurida
1071 2207 1239 2251 umbra
1270 2207 1362 2252 dici
1393 2207 1584 2261 nequit;
1616 2209 1699 2252 sed
1716 2207 1820 2261 quis
1836 2208 1927 2253 hoc
1944 2216 2167 2253 contextu

463 2301 608 2346 verbo
639 2301 891 2346 evincendi
921 2316 1025 2346 eam
1057 2301 1332 2346 sententiam
1367 2301 1508 2354 dabit,
1539 2317 1680 2356 quam
1697 2303 1798 2347 vult
1815 2299 2170 2346 Rothsteinius?

457 2395 715 2450 Aliquanto
732 2396 899 2442 melior
925 2396 1114 2441 videtur
1144 2396 1304 2449 Paleyi
1337 2397 1681 2450 interpretatio:
1714 2412 1770 2449 „e
1781 2397 1961 2441 victos
1992 2404 2167 2449 rogos,

458 2489 531 2535 e.i.
578 2491 659 2544 qui
710 2490 881 2536 Manes
930 2492 1124 2537 domare
1170 2507 1266 2537 non
1313 2493 1551 2545 possunt”.
1599 2491 1692 2537 Sed
1739 2491 2070 2537 obscurissime
2101 2491 2167 2535 sic

457 2586 735 2638 exprimitur
765 2586 812 2631 id
844 2588 972 2640 quod
1004 2587 1199 2640 legimus
1229 2587 1355 2640 apud
1386 2587 1695 2640 Aeschylum,
1728 2586 1946 2639 Choeph.
1979 2585 2066 2631 315

895 2683 1072 2735 τέκνον,
1110 2683 1334 2738 φρόνημα
1369 2686 1454 2725 τοῦ
1484 2680 1717 2732 θανόντος
1747 2683 1806 2724 οὐ
1838 2680 2034 2737 δαμάζει

1178 2778 1330 2834 πυρὸς
1356 2776 1535 2834 μαλερὰ
1562 2776 1756 2835 γνάθος.

459 2867 592 2913 Num
638 2877 790 2922 potest
819 2879 971 2923 rogus,
1003 2870 1083 2923 qui
1115 2870 1330 2915 umbram
1362 2872 1556 2916 domare
1587 2886 1683 2916 non
1715 2870 1877 2924 potuit,
1909 2870 2009 2924 ipse
2040 2869 2168 2914 nulla

459 2978 511 3007 re
541 2964 601 3008 ad
632 2963 960 3016 explicandum
991 2965 1160 3016 addita,
1192 2965 1395 3010 domitus
1426 2964 1623 3010 vocari?>
1649 2965 1741 3010 Sed
1758 2981 1819 3010 ne
1835 2965 2168 3011 obliviscamur

460 3071 488 3101 e
500 3057 600 3101 vic
613 3065 672 3101 to
685 3072 706 3101 s
737 3057 852 3102 nihil
891 3057 979 3102 nisi
995 3058 1312 3103 coniecturam
1329 3074 1445 3103 esse.
1464 3059 1709 3104 Passeratii
1726 3067 1882 3104 tamen
1899 3059 2167 3104 coniectura

460 3151 830 3203 exstinctos,
891 3167 1012 3205 quae
1063 3161 1302 3205 praeterea
1349 3154 1541 3207 propius
1588 3155 1648 3198 ad
1695 3155 1862 3199 ductus
1908 3153 2165 3198 litterarum

459 3245 651 3297 accedit,
698 3261 862 3291 omnes
907 3246 1012 3291 illae
1057 3247 1346 3292 difficultates
1386 3248 1649 3293 felicissime
1680 3249 1917 3293 tolluntur.
1952 3248 2164 3293 Eandem

458 3339 775 3385 coniecturam
806 3356 969 3385 veram
1002 3342 1180 3386 ducunt
1195 3342 1284 3386 viri
1301 3342 1555 3387 doctissimi
1572 3342 1786 3396 Postgate
1803 3340 1877 3400 (in
1895 3342 2003 3387 edit.
2024 3340 2165 3399 1894)

459 3442 507 3478 et
538 3434 784 3480 Hartman.
