2566 3886
1183 259 1420 304 ..69-

510 392 569 437 ad
587 391 810 436 Herculis
826 405 976 443 aures,
993 406 1089 436 non
1106 390 1265 444 liquet,
1281 405 1367 435 cur
1384 390 1537 443 Hylas
1552 405 1726 435 nomen
1744 398 1922 434 tantum
1941 389 2225 434 Herculis—

511 486 669 539 Hylae
714 501 888 531 nomen
935 501 995 531 ex
1024 485 1154 530 fonte
1193 485 1329 530 reddi
1361 499 1456 529 non
1488 485 1872 537 potest—clamet
1902 498 2058 537 neque
2075 483 2225 536 plura

509 582 661 634 addat,
693 590 744 626 ut
775 580 834 626 ab
865 589 1051 626 amante
1082 588 1312 626 servetur.

384 769 456 816 51.
473 769 530 815 52
560 770 647 822 his,
678 785 708 815 o
739 769 890 823 Galle,
922 778 1027 815 tuos
1058 769 1262 815 monitus
1293 768 1502 814 servabis
1533 783 1731 819 amores,

628 865 892 910 formosum
925 863 1165 917 Nymphis
1196 864 1392 909 credere
1423 864 1551 908 visus
1585 863 1761 916 Hylan.

509 959 740 1011 Quotiens
801 958 1069 1004 breviorem
1130 958 1270 1004 huius
1331 958 1516 1002 distichi
1558 972 1750 1003 versum
1794 958 1911 1011 lego,
1958 958 2130 1003 haereo
2177 958 2224 1002 in

506 1053 750 1107 participio
781 1069 813 1099 v
827 1054 841 1099 i
855 1069 922 1099 su
936 1069 957 1099 s
989 1054 1117 1108 quod
1150 1053 1265 1098 mihi
1297 1053 1697 1107 languidissimum
1729 1052 1931 1097 videtur.

510 1149 767 1203 Postgatius
801 1148 1216 1202 ingeniosissimum
1250 1148 1452 1193 Palmeri
1484 1148 1802 1193 coniecturam

625 1245 882 1290 formosum
914 1244 962 1289 ni
994 1244 1066 1289 vis
1097 1244 1297 1296 perdere
1328 1258 1490 1288 rursus
1522 1242 1684 1295 Hylan

507 1339 554 1383 in
585 1347 714 1384 textu
748 1338 921 1391 posuit;
951 1338 1033 1384 ubi
1063 1347 1220 1383 tamen
1251 1338 1447 1392 legimus
1479 1337 1670 1383 Gallum
1703 1338 1929 1383 amasium
1962 1353 2099 1383 suum
2133 1337 2224 1382 iam

508 1434 654 1479 semel
697 1434 971 1487 perdidisse,
1015 1433 1143 1487 quod
1189 1441 1345 1478 tamen
1389 1433 1574 1478 disertis
1604 1432 1762 1478 verbis
1794 1433 1969 1478 addere
2000 1432 2227 1478 debuerat

508 1537 646 1581 poeta
661 1527 688 1573 P

507 1624 808 1677 Quapropter
854 1624 1085 1678 Postgatio
1131 1624 1400 1676 adstipulari
1447 1639 1542 1669 non
1592 1639 1812 1677 possum3
1852 1624 2073 1678 equidem
2113 1639 2222 1669 cum

513 1719 715 1764 Heinsio
746 1719 955 1772 corrigo:

630 1814 891 1859 formosum
924 1813 1163 1867 Nymphis
1194 1814 1390 1859 credere
1421 1822 1641 1859 cautus
1675 1814 1856 1867 Hylam

505 1910 685 1962 priores
731 1909 909 1954 litterae
955 1924 980 1953 c
995 1924 1022 1953 a
1069 1909 1284 1953 vocabuli
1317 1924 1343 1953 c
1358 1918 1538 1954 autus
1569 1910 1703 1955 facile
1734 1910 1882 1955 omitti
1915 1918 2129 1962 poterant
2160 1925 2224 1954 re

506 2005 838 2058 praecedente;
855 2014 969 2056 tum,
987 2004 1114 2057 quod
1147 2004 1380 2058 reliquum
1413 2013 1524 2056 erat,
1556 2005 1604 2049 in
1637 2005 1812 2051 visus
1843 2013 2108 2050 correctum
2140 2013 2223 2050 est.

1093 2346 1350 2393 ELEGIA
1380 2347 1518 2393 ΧΧῙ.

510 2477 743 2522 Venimus
774 2491 901 2522 nunc
932 2477 991 2521 ad
1023 2476 1308 2530 poematlum
1340 2477 1400 2521 ad
1432 2478 1762 2530 explicandum
1795 2478 2130 2533 difficillimum,
2164 2480 2224 2524 de

508 2587 604 2626 quo
651 2571 867 2625 quamvis
914 2573 1059 2617 multa
1105 2572 1274 2625 scripta
1321 2573 1411 2617 sint
1449 2574 1661 2619 nondum
1694 2584 1836 2627 recte,
1869 2576 1906 2620 si
1938 2591 2033 2621 non
2066 2576 2224 2621 omnia

515 2681 591 2711 me
621 2667 798 2718 fallunt,
830 2666 889 2711 ab
921 2667 1178 2713 editoribus
1211 2676 1396 2713 nostrae
1426 2668 1586 2714 aetatis
1618 2669 1862 2715 iudicatur.

405 2853 446 2899 3.
507 2855 664 2901 Versu
682 2856 817 2901 tertio
839 2871 948 2902 cum
983 2858 1288 2903 Lachmanno
1321 2859 1552 2913 Postgatio
1583 2860 1803 2906 Vahleno
1834 2876 1921 2914 pro
1961 2862 2096 2915 quid
2135 2863 2221 2915 qui

507 2947 796 3008 (pronomen
828 2949 1036 3010 relativ.)
1067 2952 1369 2998 scribendum
1402 2962 1484 2999 est.

408 3138 450 3183 5.
483 3138 525 3183 6.
590 3138 665 3184 Sic
696 3147 742 3184 te
773 3149 972 3193 servato,
1004 3150 1055 3187 ut
1085 3143 1262 3194 possint
1292 3145 1496 3197 gaudere
1527 3153 1757 3197 parentes,

660 3249 721 3278 ne
753 3249 887 3280 soror
917 3244 1018 3281 acta
1048 3237 1138 3282 tuis
1170 3238 1336 3283 sentiat
1367 3254 1393 3283 e
1425 3239 1628 3284 lacrimis

514 3327 844 3373 Lachmannus
887 3338 933 3374 et
963 3331 1051 3376 alia
1081 3341 1270 3377 annotat
1300 3342 1346 3378 et
1377 3335 1511 3378 haec:
1546 3334 1739 3386 „Gallus
1772 3335 1966 3380 militem
1997 3336 2221 3389 fugiendo

511 3436 561 3469 se
608 3421 775 3478 ipsum,
822 3432 872 3468 ut
920 3434 1135 3481 parentes
1166 3428 1408 3487 gaudeant,
1441 3444 1630 3480 servare
1662 3430 1791 3481 iubet
1825 3439 1870 3480 et
1901 3431 2062 3481 fletum
2096 3446 2220 3479 com-
