2566 3886
312 3339 381 3385 18.

1093 260 1359 305 —216—

624 392 683 436 ad
716 390 841 444 vulgi
874 391 1064 443 plausus
1096 405 1235 444 saepe
1267 390 1484 435 resistere
1515 405 1678 443 equo&

431 487 575 539 inque
607 486 712 531 sinu
744 500 879 530 carae
911 485 1049 530 nixus
1081 494 1291 538 spectare
1323 486 1508 538 puellae

622 581 842 633 incipiam
875 588 921 624 et
952 580 1094 625 titulis
1126 580 1299 634 oppida
1329 589 1463 633 capta
1494 581 1658 633 legam,

431 678 522 722 tela
551 676 724 730 fugacis
752 676 862 728 equi
897 684 943 720 et
973 675 1148 720 bracati
1181 676 1337 721 militis
1368 690 1518 728 arcus,

624 780 671 816 et
702 771 862 816 subter
893 778 1052 823 captos
1083 785 1212 815 arma
1243 771 1409 816 sedere
1441 770 1616 816 duces!

432 866 654 919 Plerique
686 866 890 910 editores
923 865 1154 919 Propertii
1176 867 1469 911 contendunt
1485 881 1571 911 nos
1593 866 1669 911 hic
1686 867 1955 920 exemplum
1972 866 2148 912 habere

432 961 743 1016 hyperbati.
778 961 1110 1005 Lachmannus
1154 970 1366 1006 nostrum
1412 962 1584 1013 locum,
1631 961 1712 1014 qui
1758 962 1911 1014 primo
1957 970 2147 1014 aspectu

434 1057 642 1108 offendit,
688 1064 845 1101 tuetur
890 1056 1035 1101 allatis
1080 1056 1256 1108 aliquot
1301 1056 1529 1108 exemplis
1574 1071 1634 1101 ex
1679 1056 1781 1109 ipso
1827 1056 2073 1109 Propertio
2104 1064 2151 1102 et

436 1152 615 1198 Ovidio
646 1152 814 1205 petitis,
847 1167 968 1204 quae
1001 1160 1157 1197 tamen
1190 1152 1345 1196 minus
1376 1151 1574 1195 feliciter
1605 1151 1753 1196 electa
1784 1160 1904 1196 sunt.

436 1247 594 1298 Quem
641 1248 798 1292 locum
845 1246 1050 1300 primum
1099 1247 1220 1299 citat,
1269 1261 1328 1291 ex
1374 1255 1534 1290 nostro
1581 1246 1668 1290 ΙΙΙ.
1700 1246 1742 1291 3.
1774 1246 1829 1291 41
1863 1246 1911 1291 in
1943 1261 2002 1291 eo
2033 1247 2149 1292 nihil

435 1342 593 1387 auxilii
625 1350 707 1394 est,
739 1357 848 1387 nam
880 1350 1007 1387 recte
1039 1341 1216 1387 Keilius
1247 1339 1479 1398 (Observ.
1512 1341 1630 1386 Crit.
1664 1358 1709 1395 p.
1742 1339 1826 1399 38)
1857 1342 2075 1387 observat
2091 1357 2151 1387 ex

435 1446 633 1490 utraque
679 1452 801 1489 quae
847 1437 1080 1482 antecedit
1126 1437 1354 1481 sententia
1399 1438 1703 1490 repetendam
1751 1452 1853 1482 esse
1885 1437 1933 1482 in
1965 1437 2147 1482 tertiam

436 1533 636 1578 canendi
654 1533 918 1585 notionem3
935 1529 1057 1590 (vid.
1076 1532 1229 1584 etiam,
1246 1547 1367 1585 quae
1384 1547 1470 1577 nos
1487 1533 1547 1577 de
1564 1533 1643 1577 illo
1654 1533 1758 1577 loco
1769 1530 2150 1590 disputavimus).

436 1628 513 1673 De
544 1628 648 1672 loco
680 1643 739 1672 ex
770 1627 908 1672 huius
940 1626 1047 1671 libri
1078 1627 1224 1680 elegia
1255 1635 1384 1672 sexta
1399 1625 1630 1686 (ll—13)
1646 1628 1768 1672 infra
1783 1628 2151 1682 disputabimus3

437 1738 564 1768 nunc
595 1732 775 1767 tanturn
806 1723 897 1767 hoc
932 1723 1237 1774 declaramus,
1270 1722 1335 1766 illi
1367 1723 1471 1767 loco
1503 1724 1688 1768 medela
1718 1738 1836 1776 opus
1869 1738 1986 1776 esse,
2012 1732 2152 1777 atque

438 1817 741 1872 Suringarum
772 1833 857 1862 sua
886 1817 1245 1870 transpositione
1275 1833 1467 1862 manum
1500 1817 1733 1871 Propertii
1764 1818 2031 1863 restituisse.
2078 1818 2154 1863 Ex

439 1913 687 1959 Ovidianis
718 1913 934 1958 versibus
965 1913 1080 1957 nihil
1110 1913 1230 1958 effici
1261 1921 1437 1967 potest:
1469 1913 1625 1958 Amor
1656 1913 1751 1958 111:
1787 1913 1856 1966 14,
1888 1913 1943 1958 31

646 2024 731 2054 cur
762 2009 930 2053 totiens
960 2009 1102 2053 video
1136 2009 1253 2053 mitti
1285 2009 1528 2062 recipique
1559 2009 1750 2053 tabellas
1766 2008 1793 2053 P

705 2119 791 2149 cur
822 2119 1011 2157 pressus
1042 2104 1171 2156 prior
1201 2112 1272 2148 est
1302 2104 1590 2158 interiorque
1621 2104 1792 2149 torus?

646 2215 732 2244 cur
762 2200 867 2252 plus
898 2215 1039 2252 quam
1072 2214 1239 2244 somno
1269 2199 1479 2244 turbatos
1510 2215 1612 2244 esse
1644 2199 1834 2253 capillos

706 2295 920 2346 collaque
951 2294 1190 2347 conspicio
1222 2294 1374 2339 dentis
1405 2294 1581 2338 habere
1612 2303 1770 2339 notam
1784 2293 1811 2338 P

441 2389 617 2442 Neque
649 2398 805 2433 tamen
837 2398 908 2434 sto
940 2404 1048 2434 cum
1081 2389 1246 2441 Keilio,
1281 2389 1362 2441 qui
1393 2405 1558 2434 versus
1592 2389 1660 2434 17.
1680 2388 1734 2434 18
1765 2390 2024 2443 transponit
2045 2398 2153 2436 ante

441 2500 632 2530 versum
665 2483 733 2529 15.

441 2579 654 2625 Confero
685 2579 811 2624 enim
843 2580 984 2632 locos,
1016 2580 1177 2632 quales
1209 2588 1341 2624 sunt:
1375 2580 1615 2632 Manilius,
1633 2580 1719 2632 IV,
1737 2579 1850 2625 535:
1872 2596 1922 2625 se
1939 2581 2153 2634 quisque,

441 2683 488 2719 et
527 2674 658 2726 vivit,
705 2682 751 2718 et
793 2673 951 2726 effen-n
997 2674 1174 2719 Lucan.
1205 2675 1268 2728 V,
1301 2674 1413 2720 800:
1444 2676 1595 2721 fertur
1624 2676 1683 2720 ad
1715 2691 1985 2730 aequoreas,
2020 2692 2073 2722 ac
2105 2691 2156 2722 se

441 2770 707 2823 prosternit,
742 2784 923 2814 arenas.

443 2865 693 2910 Praeterea
738 2872 865 2909 recte
912 2864 1130 2909 observat
1177 2864 1291 2910 Otto
1334 2862 1624 2922 (Versumst.
1673 2865 1709 2909 Ι.
1751 2880 1796 2917 p.
1830 2863 1940 2922 19):
1983 2881 2153 2918 „wenn

443 2959 654 3003 Bfihrens
684 2974 747 3002 zu
779 2966 989 3010 spectare
1021 2958 1098 3003 ein
1131 2957 1304 3011 Obiect
1349 2960 1572 3013 verlangt,
1617 2975 1668 3005 so
1699 2961 1826 3005 kann
1858 2961 1979 3005 auch
2026 2961 2156 3006 diese

444 3054 780 3107 Beobachtung
798 3062 942 3107 gegen
974 3054 1067 3098 den
1099 3052 1683 3107 Transpositionsversuch
1714 3055 1786 3100 ins
1818 3055 1938 3100 Feld
1969 3055 2154 3109 gefiihrt

443 3150 682 3195 werden”.
701 3147 743 3206 1)
763 3176 769 3180 -

444 3339 673 3392 Displicet
718 3338 1001 3392 praepositio
1047 3347 1154 3383 ante
1204 3347 1423 3391 captos
1470 3338 1632 3391 posita.
1681 3338 1811 3384 Huic
1857 3339 2158 3385 incommodo

361 3444 389 3490 1)

441 3459 574 3488 sperno
601 3447 711 3489 igitur
738 3446 875 3480 sterkii
902 3443 943 3490 (v
953 3448 965 3481 i
976 3459 1000 3481 n
1010 3458 1030 3481 c
1042 3454 1056 3481 t
1066 3459 1088 3482 ο
1098 3444 1132 3489 ι)
1159 3454 1196 3481 et
1223 3447 1411 3482 Bonchae
1438 3443 1480 3490 (n
1488 3459 1508 3481 e
1520 3459 1573 3482 xo
1584 3444 1620 3490 ο)
1646 3448 1891 3482 coniecturas.
