2566 3886
440 402 525 432 oro
570 395 710 440 atque
752 386 964 438 obsecro,
1008 394 1059 431 ut
1098 386 1198 439 ipsa
1234 395 1400 439 sponte
1437 395 1516 432 tua
1546 387 1638 432 fida
1669 402 1858 433 maneas
1888 388 2156 441 pudeatque

442 490 487 526 te
529 482 771 535 peccare”.
816 481 991 536 Neque
1049 483 1139 527 hoc
1190 482 1295 527 loco
1342 497 1517 527 nexum
1563 483 1897 529 sententiarum
1942 483 2156 529 invenire

440 576 639 622 difficile.

304 766 375 811 41.
393 765 464 811 42.
512 766 746 812 Ultimum
785 767 1017 813 distichon
1049 783 1077 812 a
1107 776 1268 812 nostro
1301 768 1510 813 carmine
1542 768 1709 813 merito
1741 768 1946 814 alienum
1978 769 2158 814 ducunt

442 862 616 907 Hetzel
669 860 798 920 (Zur
846 862 1113 917 Erklarung
1158 864 1242 908 des
1290 863 1576 917 Propertius,
1626 862 1766 916 1876;
1814 863 2026 917 Beitrfige
2071 879 2159 910 zur

441 957 572 1002 Erkl.
604 958 649 1002 d.
683 957 735 1002 P.
770 956 926 1016 1890),
959 959 1199 1004 Baehrens
1233 959 1481 1005 Hartman.

436 1051 619 1097 Versus
661 1052 772 1097 ferri
819 1062 1022 1105 possent,
1055 1053 1092 1098 si
1141 1053 1350 1106 Cynthia
1387 1053 1480 1099 fida
1517 1062 1653 1106 esset,
1691 1056 1820 1108 quod
1858 1063 1996 1109 poeta
2027 1055 2158 1101 initio

441 1148 580 1193 huius
611 1148 830 1193 carminis
862 1157 1010 1202 negat.

443 1242 570 1288 Nam
616 1244 745 1297 quod
793 1243 907 1289 Otto
954 1244 1055 1289 vult
1103 1244 1401 1297 Propertium
1455 1245 1515 1289 de
1561 1259 1645 1290 sua
1691 1245 1835 1299 ipsius
1881 1246 1974 1291 fide
2015 1246 2159 1301 loqui,

436 1336 653 1396 (,‚indem
697 1340 784 1384 der
825 1339 1024 1384 Dichter
1066 1340 1114 1384 in
1158 1355 1203 1384 v.
1246 1339 1300 1384 41
1341 1356 1387 1385 u.
1425 1340 1482 1385 42
1514 1340 1644 1385 seine
1675 1341 1838 1394 eigene
1869 1340 2028 1387 Treue
2059 1342 2158 1387 und

437 1434 837 1488 Anhangliehkeit
889 1436 975 1480 der
1030 1435 1458 1489 Handlungsweise
1508 1435 1738 1488 Cynthias
1784 1437 2159 1482 kontrastierend

440 1529 854 1582 gegenuberstelle,
887 1529 1103 1583 gewinne
1135 1530 1219 1575 das
1253 1529 1421 1576 Ganze
1453 1531 1594 1576 einen
1627 1531 2027 1586 wirkungsvollen
2059 1532 2158 1578 Ab·

441 1621 679 1682 schluss'’)
710 1624 916 1678 primum
949 1640 1009 1669 ex
1040 1640 1183 1670 versu
1215 1625 1302 1670 41:

592 1734 679 1765 nos
709 1735 830 1765 uxor
861 1735 1119 1774 nunquam,
1151 1735 1394 1774 nunquam
1426 1721 1620 1766 seducet
1650 1722 1800 1767 amica
1815 1719 1858 1780 1)

442 1832 539 1862 non
586 1816 811 1870 sequitur,
859 1817 1032 1862 deinde
1079 1816 1184 1869 quis
1230 1831 1397 1862 versus
1450 1817 1602 1870 aptior
1647 1826 1717 1862 est
1761 1818 1822 1863 ad
1867 1833 2058 1864 carmen
2099 1819 2160 1864 de

442 1912 694 1957 mulierum
727 1912 1017 1965 impudicitia
1047 1921 1188 1965 agens
1220 1913 1537 1957 claudendum
1568 1928 1710 1966 quam
1743 1928 1910 1959 versus
1941 1913 2042 1959 40?

442 2007 578 2052 Haec
625 2008 778 2053 habeo
824 2023 944 2062 quae
992 2009 1052 2053 de
1099 2007 1319 2053 carminis
1357 2008 1696 2061 compositione
1727 2008 1999 2061 observem3
2031 2025 2159 2055 nunc

444 2104 670 2148 nonnulla
701 2104 762 2148 de
793 2103 985 2157 singulis
1016 2103 1175 2148 verbis
1206 2104 1383 2148 addere
1415 2104 1539 2149 volo.

312 2294 380 2339 12.
443 2309 520 2339 me
551 2294 717 2346 laedet,
750 2294 787 2339 si
820 2294 966 2339 multa
996 2293 1080 2338 tibi
1111 2293 1240 2338 dabit
1271 2294 1430 2339 oscula
1461 2302 1623 2346 mater,

597 2404 674 2434 me
706 2404 840 2434 soror
870 2397 917 2434 et
947 2405 1056 2434 cum
1088 2404 1182 2443 qua
1212 2389 1385 2434 dormit
1415 2388 1565 2434 amica
1595 2389 1733 2434 simul

444 2484 491 2530 Si
537 2484 831 2538 interpretari
879 2485 1113 2537 nolumus,
1160 2499 1237 2529 me
1282 2484 1423 2529 laedit
1469 2499 1615 2537 soror,
1655 2493 1701 2529 et
1731 2485 1894 2538 amica,
1926 2501 2035 2531 cum
2066 2502 2161 2541 qua

444 2595 578 2625 soror
622 2579 810 2631 dormit,
861 2580 990 2632 quod
1043 2581 1136 2624 huc
1197 2595 1293 2624 non
1339 2580 1549 2633 quadrat,
1596 2587 1796 2632 praestat
1840 2595 1949 2625 cum
1997 2581 2161 2628 Dousa

442 2682 622 2735 legere:
655 2696 731 2726 me
763 2696 897 2726 soror
928 2689 974 2725 et
1005 2696 1114 2725 cum
1146 2678 1233 2738 (=
1263 2678 1328 2738 si)
1360 2695 1483 2733 quae
1514 2681 1687 2725 dormit
1719 2681 1869 2726 amica
1899 2681 2052 2727 simul.

312 2872 383 2917 32.
444 2872 472 2917 J
490 2887 521 2917 u
538 2872 680 2925 rgia
724 2872 815 2916 hoc
861 2872 966 2917 loco
1007 2871 1117 2916 ferri
1164 2886 1259 2916 non
1291 2885 1429 2924 posse
1460 2871 1684 2925 putabant
1717 2871 2047 2924 Ruhnkenius,
2078 2873 2159 2926 qui

443 2973 630 3026 orgia
660 2973 860 3018 coniecit
891 2981 938 3017 et
970 2972 1331 3018 Herwerdenus
1363 2969 1495 3030 (Mn.
1537 2971 1652 3017 1873
1683 2973 1776 3018 vol.
1810 2970 1884 3031 I):
1931 2973 2160 3026 turpia

445 3068 698 3115 coniciens.

445 3164 539 3210 Sed
570 3164 693 3209 bene
724 3163 884 3209 scribit
915 3163 1060 3216 Paley
1091 3163 1140 3208 in
1202 3178 1286 3209 sua
1316 3163 1522 3209 editione
1553 3161 1751 3221 (1872):
1784 3162 1919 3215 „The
1947 3164 2159 3218 quarrels

444 3259 538 3304 and
570 3258 779 3311 disputes
809 3258 865 3304 of
889 3259 1059 3310 lovers,
1092 3257 1366 3312 originating
1395 3258 1518 3303 from
1552 3259 1676 3303 what
1707 3272 1804 3303 was
1828 3266 1986 3303 meant
2002 3258 2160 3311 tacitly

364 3437 392 3486 ι)
443 3439 503 3476 Sic
528 3441 626 3476 enim
658 3442 838 3485 egendum
854 3451 936 3475 esse
950 3442 995 3475 ad
1011 3441 1201 3484 sequentis
1216 3441 1391 3477 carminis
1406 3451 1555 3476 versum
1570 3439 1616 3475 20
1628 3441 1883 3475 demon-trare
1898 3445 2052 3475 oon-tu·
2066 3449 2158 3474 num.
