<?xml version="1.0" encoding="UTF-8"?>
<!DOCTYPE html PUBLIC "-//W3C//DTD XHTML 1.0 Transitional//EN"
    "http://www.w3.org/TR/xhtml1/DTD/xhtml1-transitional.dtd">
<html xmlns="http://www.w3.org/1999/xhtml" xml:lang="en" lang="en">
 <head>
  <title>
</title>
<meta http-equiv="Content-Type" content="text/html;charset=utf-8" />
  <meta name='ocr-system' content='tesseract 3.04.00' />
  <meta name='ocr-capabilities' content='ocr_page ocr_carea ocr_par ocr_line ocrx_word'/>
</head>
<body>
  <div class='ocr_page' id='page_1' title='image "./adpropertiicarmi00enkpuoft_0343.png"; bbox 0 0 2566 3886; ppageno 0'>
   <div class='ocr_carea' id='block_1_1' title="bbox 325 1455 395 1500">
    <p class='ocr_par' dir='ltr' id='par_1_1' title="bbox 325 1455 395 1500">
     <span class='ocr_line' id='line_1_1' title="bbox 325 1455 395 1500; baseline -0.014 0"><span class='ocrx_word' id='word_1_1' title='bbox 325 1455 395 1500; x_wconf 87' lang='grc'>45.</span> 
     </span>
    </p>
   </div>
   <div class='ocr_carea' id='block_1_2' title="bbox 1120 255 1386 301">
    <p class='ocr_par' dir='ltr' id='par_1_2' title="bbox 1120 255 1386 301">
     <span class='ocr_line' id='line_1_2' title="bbox 1120 255 1386 301; baseline -0.004 0"><span class='ocrx_word' id='word_1_2' title='bbox 1120 255 1386 301; x_wconf 87' lang='lat'>—327—</span> 
     </span>
    </p>
   </div>
   <div class='ocr_carea' id='block_1_3' title="bbox 457 379 2170 534">
    <p class='ocr_par' dir='ltr' id='par_1_3' title="bbox 457 379 2170 534">
     <span class='ocr_line' id='line_1_3' title="bbox 458 379 2169 440; baseline -0.008 -4"><span class='ocrx_word' id='word_1_3' title='bbox 458 390 683 436; x_wconf 88' lang='lat' dir='ltr'><strong>intellexit</strong></span> <span class='ocrx_word' id='word_1_4' title='bbox 745 389 1030 440; x_wconf 87' lang='lat' dir='ltr'>Kraffertius,</span> <span class='ocrx_word' id='word_1_5' title='bbox 1090 387 1171 440; x_wconf 86' lang='lat' dir='ltr'>qui</span> <span class='ocrx_word' id='word_1_6' title='bbox 1230 400 1314 430; x_wconf 92' lang='lat' dir='ltr'>sua</span> <span class='ocrx_word' id='word_1_7' title='bbox 1358 383 1666 437; x_wconf 81' lang='lat' dir='ltr'>explicatione</span> <span class='ocrx_word' id='word_1_8' title='bbox 1719 389 1898 426; x_wconf 87' lang='lat' dir='ltr'>textum</span> <span class='ocrx_word' id='word_1_9' title='bbox 1950 379 2169 424; x_wconf 87' lang='lat' dir='ltr'>traditum</span> 
     </span>
     <span class='ocr_line' id='line_1_4' title="bbox 457 473 2170 534; baseline -0.008 -3"><span class='ocrx_word' id='word_1_10' title='bbox 457 485 723 531; x_wconf 87' lang='lat' dir='ltr'>felicissime</span> <span class='ocrx_word' id='word_1_11' title='bbox 774 484 1007 529; x_wconf 78' lang='lat' dir='ltr'>defendit:</span> <span class='ocrx_word' id='word_1_12' title='bbox 1055 481 1259 534; x_wconf 86' lang='lat' dir='ltr'>„Apollo</span> <span class='ocrx_word' id='word_1_13' title='bbox 1305 479 1501 524; x_wconf 68' lang='lat' dir='ltr'>verlfisst</span> <span class='ocrx_word' id='word_1_14' title='bbox 1546 477 1692 522; x_wconf 92' lang='lat' dir='ltr'>Delos</span> <span class='ocrx_word' id='word_1_15' title='bbox 1738 476 1836 521; x_wconf 92' lang='lat' dir='ltr'>und</span> <span class='ocrx_word' id='word_1_16' title='bbox 1869 475 2034 520; x_wconf 63' lang='lat' dir='ltr'>nahert</span> <span class='ocrx_word' id='word_1_17' title='bbox 2069 473 2170 518; x_wconf 91' lang='lat' dir='ltr'>sich</span> 
     </span>
    </p>
   </div>
   <div class='ocr_carea' id='block_1_4' title="bbox 459 567 2171 632">
    <p class='ocr_par' dir='ltr' id='par_1_4' title="bbox 459 567 2171 632">
     <span class='ocr_line' id='line_1_5' title="bbox 459 567 2171 632; baseline -0.008 -6"><span class='ocrx_word' id='word_1_18' title='bbox 459 580 678 632; x_wconf 87' lang='lat' dir='ltr'>Actium;</span> <span class='ocrx_word' id='word_1_19' title='bbox 726 580 854 624; x_wconf 92' lang='lat' dir='ltr'>denn</span> <span class='ocrx_word' id='word_1_20' title='bbox 898 578 974 622; x_wconf 91' lang='lat' dir='ltr'>die</span> <span class='ocrx_word' id='word_1_21' title='bbox 1006 576 1188 629; x_wconf 76' lang='lat' dir='ltr'>Wogen</span> <span class='ocrx_word' id='word_1_22' title='bbox 1235 575 1392 619; x_wconf 87' lang='lat' dir='ltr'>hatten</span> <span class='ocrx_word' id='word_1_23' title='bbox 1439 588 1498 617; x_wconf 87' lang='lat' dir='ltr'>an</span> <span class='ocrx_word' id='word_1_24' title='bbox 1529 572 1685 625; x_wconf 84' lang='lat' dir='ltr'>ienem</span> <span class='ocrx_word' id='word_1_25' title='bbox 1716 570 1843 623; x_wconf 79' lang='lat' dir='ltr'>Tage</span> <span class='ocrx_word' id='word_1_26' title='bbox 1876 570 1952 614; x_wconf 92' lang='lat' dir='ltr'>die</span> <span class='ocrx_word' id='word_1_27' title='bbox 1985 567 2171 613; x_wconf 85' lang='lat' dir='ltr'>Gewalt</span> 
     </span>
    </p>
   </div>
   <div class='ocr_carea' id='block_1_5' title="bbox 457 665 2170 815">
    <p class='ocr_par' dir='ltr' id='par_1_5' title="bbox 457 665 2170 815">
     <span class='ocr_line' id='line_1_6' title="bbox 458 665 2169 723; baseline -0.007 -3"><span class='ocrx_word' id='word_1_28' title='bbox 458 676 543 720; x_wconf 91' lang='lat' dir='ltr'>der</span> <span class='ocrx_word' id='word_1_29' title='bbox 585 678 839 719; x_wconf 81' lang='lat' dir='ltr'>erziirnten</span> <span class='ocrx_word' id='word_1_30' title='bbox 871 672 1045 718; x_wconf 90' lang='lat' dir='ltr'>Winde</span> <span class='ocrx_word' id='word_1_31' title='bbox 1087 687 1150 716; x_wconf 92' lang='lat' dir='ltr'>zu</span> <span class='ocrx_word' id='word_1_32' title='bbox 1189 678 1362 723; x_wconf 69' lang='lat' dir='ltr'>tragem</span> <span class='ocrx_word' id='word_1_33' title='bbox 1394 669 1487 712; x_wconf 91' lang='lat' dir='ltr'>d.h.</span> <span class='ocrx_word' id='word_1_34' title='bbox 1519 667 1596 712; x_wconf 91' lang='lat' dir='ltr'>die</span> <span class='ocrx_word' id='word_1_35' title='bbox 1628 666 1782 711; x_wconf 90' lang='lat' dir='ltr'>Flotte</span> <span class='ocrx_word' id='word_1_36' title='bbox 1814 666 1898 710; x_wconf 92' lang='lat' dir='ltr'>des</span> <span class='ocrx_word' id='word_1_37' title='bbox 1928 665 2169 718; x_wconf 79' lang='lat' dir='ltr'>Augustus</span> 
     </span>
     <span class='ocr_line' id='line_1_7' title="bbox 457 759 2170 815; baseline -0.006 -1"><span class='ocrx_word' id='word_1_38' title='bbox 457 770 527 814; x_wconf 93' lang='lat' dir='ltr'>litt</span> <span class='ocrx_word' id='word_1_39' title='bbox 570 784 666 813; x_wconf 87' lang='lat' dir='ltr'>von</span> <span class='ocrx_word' id='word_1_40' title='bbox 698 767 916 813; x_wconf 80' lang='lat' dir='ltr'>Stiirmen</span> <span class='ocrx_word' id='word_1_41' title='bbox 947 791 1006 797; x_wconf 90' lang='lat'>—</span> <span class='ocrx_word' id='word_1_42' title='bbox 1036 765 1134 811; x_wconf 91' lang='lat' dir='ltr'>und</span> <span class='ocrx_word' id='word_1_43' title='bbox 1166 765 1249 808; x_wconf 89' lang='lat' dir='ltr'>das</span> <span class='ocrx_word' id='word_1_44' title='bbox 1280 762 1532 815; x_wconf 77' lang='lat' dir='ltr'>bestiitigen</span> <span class='ocrx_word' id='word_1_45' title='bbox 1565 761 1641 806; x_wconf 91' lang='lat' dir='ltr'>die</span> <span class='ocrx_word' id='word_1_46' title='bbox 1674 760 1957 812; x_wconf 87' lang='lat' dir='ltr'>Historiker,</span> <span class='ocrx_word' id='word_1_47' title='bbox 1989 759 2170 804; x_wconf 81' lang='lat' dir='ltr'>welche</span> 
     </span>
    </p>
   </div>
   <div class='ocr_carea' id='block_1_6' title="bbox 458 853 2169 1015">
    <p class='ocr_par' dir='ltr' id='par_1_6' title="bbox 458 853 2169 1015">
     <span class='ocr_line' id='line_1_8' title="bbox 458 853 2169 911; baseline -0.007 -2"><span class='ocrx_word' id='word_1_48' title='bbox 458 864 535 909; x_wconf 91' lang='lat' dir='ltr'>die</span> <span class='ocrx_word' id='word_1_49' title='bbox 580 863 788 908; x_wconf 62' lang='lat' dir='ltr'>naheren</span> <span class='ocrx_word' id='word_1_50' title='bbox 826 860 1090 907; x_wconf 77' lang='lat' dir='ltr'>Umstiinde</span> <span class='ocrx_word' id='word_1_51' title='bbox 1136 858 1267 911; x_wconf 88' lang='lat' dir='ltr'>ienes</span> <span class='ocrx_word' id='word_1_52' title='bbox 1297 855 1688 910; x_wconf 78' lang='lat' dir='ltr'>ereignisreichen</span> <span class='ocrx_word' id='word_1_53' title='bbox 1720 854 1871 908; x_wconf 80' lang='lat' dir='ltr'>Tages</span> <span class='ocrx_word' id='word_1_54' title='bbox 1902 853 2169 899; x_wconf 89' lang='lat' dir='ltr'>schildern&#39;’</span> 
     </span>
     <span class='ocr_line' id='line_1_9' title="bbox 459 953 933 1015; baseline -0.006 -13"><span class='ocrx_word' id='word_1_55' title='bbox 459 955 697 1015; x_wconf 73' lang='lat' dir='ltr'>(Beitriige</span> <span class='ocrx_word' id='word_1_56' title='bbox 729 972 773 1009; x_wconf 88' lang='lat' dir='ltr'>p.</span> <span class='ocrx_word' id='word_1_57' title='bbox 808 953 933 1013; x_wconf 87' lang='lat'><strong>148).</strong></span> 
     </span>
    </p>
   </div>
   <div class='ocr_carea' id='block_1_7' title="bbox 458 1098 2169 1164">
    <p class='ocr_par' dir='ltr' id='par_1_7' title="bbox 458 1098 2169 1164">
     <span class='ocr_line' id='line_1_10' title="bbox 458 1098 2169 1164; baseline -0.007 -7"><span class='ocrx_word' id='word_1_58' title='bbox 458 1113 633 1164; x_wconf 89' lang='lat' dir='ltr'>lyrae</span> <span class='ocrx_word' id='word_1_59' title='bbox 666 1118 821 1155; x_wconf 91' lang='lat' dir='ltr'>tuetur</span> <span class='ocrx_word' id='word_1_60' title='bbox 853 1108 1199 1158; x_wconf 86' lang='lat' dir='ltr'>Lachmannus,</span> <span class='ocrx_word' id='word_1_61' title='bbox 1230 1105 1290 1150; x_wconf 90' lang='lat' dir='ltr'>cf.</span> <span class='ocrx_word' id='word_1_62' title='bbox 1323 1104 1606 1158; x_wconf 78' lang='lat' dir='ltr'>Postgatium</span> <span class='ocrx_word' id='word_1_63' title='bbox 1637 1101 1816 1161; x_wconf 88' lang='lat' dir='ltr'>(Select</span> <span class='ocrx_word' id='word_1_64' title='bbox 1849 1102 1921 1146; x_wconf 87' lang='lat' dir='ltr'>El.</span> <span class='ocrx_word' id='word_1_65' title='bbox 1952 1117 1997 1155; x_wconf 91' lang='lat' dir='ltr'>p.</span> <span class='ocrx_word' id='word_1_66' title='bbox 2030 1098 2169 1160; x_wconf 84' lang='lat'><strong>215);</strong></span> 
     </span>
    </p>
   </div>
   <div class='ocr_carea' id='block_1_8' title="bbox 458 1196 2168 1251">
    <p class='ocr_par' dir='ltr' id='par_1_8' title="bbox 458 1196 2168 1251">
     <span class='ocr_line' id='line_1_11' title="bbox 458 1196 2168 1251; baseline -0.006 0"><span class='ocrx_word' id='word_1_67' title='bbox 458 1207 540 1251; x_wconf 91' lang='lat' dir='ltr'>sed</span> <span class='ocrx_word' id='word_1_68' title='bbox 587 1205 701 1250; x_wconf 90' lang='lat' dir='ltr'>mihi</span> <span class='ocrx_word' id='word_1_69' title='bbox 747 1204 848 1249; x_wconf 89' lang='lat' dir='ltr'>veri</span> <span class='ocrx_word' id='word_1_70' title='bbox 896 1202 1090 1248; x_wconf 90' lang='lat' dir='ltr'>similius</span> <span class='ocrx_word' id='word_1_71' title='bbox 1123 1200 1311 1245; x_wconf 89' lang='lat' dir='ltr'>videtur</span> <span class='ocrx_word' id='word_1_72' title='bbox 1341 1200 1529 1251; x_wconf 86' lang='lat' dir='ltr'>lyrae</span> <span class='ocrx_word' id='word_1_73' title='bbox 1560 1214 1620 1243; x_wconf 85' lang='lat' dir='ltr'>ex</span> <span class='ocrx_word' id='word_1_74' title='bbox 1650 1212 1791 1242; x_wconf 87' lang='lat' dir='ltr'>versu</span> <span class='ocrx_word' id='word_1_75' title='bbox 1823 1196 1880 1241; x_wconf 85' lang='lat'>32</span> <span class='ocrx_word' id='word_1_76' title='bbox 1912 1196 2168 1249; x_wconf 84' lang='lat' dir='ltr'>irrepsisse,</span> 
     </span>
    </p>
   </div>
   <div class='ocr_carea' id='block_1_9' title="bbox 457 1292 1530 1354">
    <p class='ocr_par' dir='ltr' id='par_1_9' title="bbox 457 1292 1530 1354">
     <span class='ocr_line' id='line_1_12' title="bbox 457 1292 1530 1354; baseline -0.008 -7"><span class='ocrx_word' id='word_1_77' title='bbox 457 1316 660 1354; x_wconf 88' lang='lat' dir='ltr'>cumque</span> <span class='ocrx_word' id='word_1_78' title='bbox 691 1299 870 1345; x_wconf 90' lang='lat' dir='ltr'>editore</span> <span class='ocrx_word' id='word_1_79' title='bbox 903 1297 1128 1343; x_wconf 90' lang='lat' dir='ltr'>Etonensi</span> <span class='ocrx_word' id='word_1_80' title='bbox 1159 1296 1262 1349; x_wconf 80' lang='lat' dir='ltr'>lego</span> <span class='ocrx_word' id='word_1_81' title='bbox 1293 1296 1324 1339; x_wconf 95' lang='lat' dir='ltr'>d</span> <span class='ocrx_word' id='word_1_82' title='bbox 1342 1310 1368 1339; x_wconf 93' lang='lat' dir='ltr'>e</span> <span class='ocrx_word' id='word_1_83' title='bbox 1385 1310 1412 1339; x_wconf 86' lang='lat' dir='ltr'>a</span> <span class='ocrx_word' id='word_1_84' title='bbox 1427 1310 1454 1339; x_wconf 89' lang='lat' dir='ltr'>e</span> <span class='ocrx_word' id='word_1_85' title='bbox 1474 1292 1530 1352; x_wconf 81' lang='lat'>¹).</span> 
     </span>
    </p>
   </div>
   <div class='ocr_carea' id='block_1_10' title="bbox 456 1447 2170 2167">
    <p class='ocr_par' dir='ltr' id='par_1_10' title="bbox 456 1447 2170 2167">
     <span class='ocr_line' id='line_1_13' title="bbox 457 1447 1689 1502; baseline -0.007 -2"><span class='ocrx_word' id='word_1_86' title='bbox 457 1463 503 1500; x_wconf 90' lang='lat' dir='ltr'>et</span> <span class='ocrx_word' id='word_1_87' title='bbox 533 1453 729 1499; x_wconf 90' lang='lat' dir='ltr'>nimium</span> <span class='ocrx_word' id='word_1_88' title='bbox 761 1451 903 1496; x_wconf 89' lang='lat' dir='ltr'>remis</span> <span class='ocrx_word' id='word_1_89' title='bbox 933 1451 1107 1495; x_wconf 86' lang='lat' dir='ltr'>audent</span> <span class='ocrx_word' id='word_1_90' title='bbox 1138 1463 1311 1502; x_wconf 83' lang='lat' dir='ltr'>prope:</span> <span class='ocrx_word' id='word_1_91' title='bbox 1343 1456 1479 1501; x_wconf 91' lang='lat' dir='ltr'>turpe</span> <span class='ocrx_word' id='word_1_92' title='bbox 1512 1447 1689 1492; x_wconf 85' lang='lat' dir='ltr'>Latinis</span> 
     </span>
     <span class='ocr_line' id='line_1_14' title="bbox 532 1542 1435 1600; baseline -0.007 -8"><span class='ocrx_word' id='word_1_93' title='bbox 532 1547 743 1600; x_wconf 85' lang='lat' dir='ltr'>principe</span> <span class='ocrx_word' id='word_1_94' title='bbox 774 1555 820 1590; x_wconf 92' lang='lat' dir='ltr'>te</span> <span class='ocrx_word' id='word_1_95' title='bbox 850 1545 1017 1590; x_wconf 90' lang='lat' dir='ltr'>fluctus</span> <span class='ocrx_word' id='word_1_96' title='bbox 1048 1543 1174 1597; x_wconf 84' lang='lat' dir='ltr'>regia</span> <span class='ocrx_word' id='word_1_97' title='bbox 1204 1543 1309 1587; x_wconf 91' lang='lat' dir='ltr'>vela</span> <span class='ocrx_word' id='word_1_98' title='bbox 1341 1542 1435 1595; x_wconf 90' lang='lat' dir='ltr'>pati</span> 
     </span>
     <span class='ocr_line' id='line_1_15' title="bbox 459 1635 2169 1690; baseline -0.005 -2"><span class='ocrx_word' id='word_1_99' title='bbox 459 1643 533 1689; x_wconf 90' lang='lat' dir='ltr'>Sic</span> <span class='ocrx_word' id='word_1_100' title='bbox 579 1643 669 1686; x_wconf 90' lang='lat' dir='ltr'>hoc</span> <span class='ocrx_word' id='word_1_101' title='bbox 713 1641 945 1686; x_wconf 90' lang='lat' dir='ltr'>distichon</span> <span class='ocrx_word' id='word_1_102' title='bbox 983 1638 1178 1683; x_wconf 82' lang='lat' dir='ltr'>traditur</span> <span class='ocrx_word' id='word_1_103' title='bbox 1209 1638 1372 1682; x_wconf 90' lang='lat' dir='ltr'>codice</span> <span class='ocrx_word' id='word_1_104' title='bbox 1404 1636 1747 1690; x_wconf 86' lang='lat' dir='ltr'>Neapolitano;</span> <span class='ocrx_word' id='word_1_105' title='bbox 1780 1651 1866 1689; x_wconf 91' lang='lat' dir='ltr'>pro</span> <span class='ocrx_word' id='word_1_106' title='bbox 1897 1635 2104 1681; x_wconf 89' lang='lat' dir='ltr'>nimiu</span> <span class='ocrx_word' id='word_1_107' title='bbox 2122 1651 2169 1680; x_wconf 90' lang='lat' dir='ltr'>m</span> 
     </span>
     <span class='ocr_line' id='line_1_16' title="bbox 458 1730 2169 1787; baseline -0.005 -5"><span class='ocrx_word' id='word_1_108' title='bbox 458 1736 599 1783; x_wconf 91' lang='lat' dir='ltr'>DVL</span> <span class='ocrx_word' id='word_1_109' title='bbox 623 1750 847 1780; x_wconf 91' lang='lat' dir='ltr'>numen</span> <span class='ocrx_word' id='word_1_110' title='bbox 882 1735 1053 1787; x_wconf 79' lang='lat' dir='ltr'>legunt,</span> <span class='ocrx_word' id='word_1_111' title='bbox 1070 1733 1198 1778; x_wconf 91' lang='lat' dir='ltr'>unde</span> <span class='ocrx_word' id='word_1_112' title='bbox 1215 1732 1547 1777; x_wconf 81' lang='lat' dir='ltr'>Baehrensius:</span> <span class='ocrx_word' id='word_1_113' title='bbox 1580 1740 1638 1776; x_wconf 92' lang='lat' dir='ltr'>et</span> <span class='ocrx_word' id='word_1_114' title='bbox 1669 1745 1838 1782; x_wconf 88' lang='lat' dir='ltr'>nunc,</span> <span class='ocrx_word' id='word_1_115' title='bbox 1870 1745 1957 1783; x_wconf 87' lang='lat' dir='ltr'>en,</span> <span class='ocrx_word' id='word_1_116' title='bbox 1980 1730 2169 1775; x_wconf 89' lang='lat' dir='ltr'>remis</span> 
     </span>
     <span class='ocr_line' id='line_1_17' title="bbox 456 1825 2170 1885; baseline -0.005 -8"><span class='ocrx_word' id='word_1_117' title='bbox 456 1832 660 1885; x_wconf 83' lang='lat' dir='ltr'>audent</span> <span class='ocrx_word' id='word_1_118' title='bbox 690 1844 876 1884; x_wconf 90' lang='lat' dir='ltr'>prope.</span> <span class='ocrx_word' id='word_1_119' title='bbox 909 1828 1009 1882; x_wconf 77' lang='lat' dir='ltr'>Ego</span> <span class='ocrx_word' id='word_1_120' title='bbox 1033 1836 1181 1873; x_wconf 90' lang='lat' dir='ltr'>totum</span> <span class='ocrx_word' id='word_1_121' title='bbox 1204 1827 1435 1872; x_wconf 91' lang='lat' dir='ltr'>distichon</span> <span class='ocrx_word' id='word_1_122' title='bbox 1453 1826 1754 1880; x_wconf 80' lang='lat' dir='ltr'>Neapolitani</span> <span class='ocrx_word' id='word_1_123' title='bbox 1770 1825 1970 1870; x_wconf 90' lang='lat' dir='ltr'>lectione</span> <span class='ocrx_word' id='word_1_124' title='bbox 1987 1832 2170 1870; x_wconf 84' lang='lat' dir='ltr'>servata</span> 
     </span>
     <span class='ocr_line' id='line_1_18' title="bbox 458 1924 735 1971; baseline -0.011 0"><span class='ocrx_word' id='word_1_125' title='bbox 458 1926 524 1971; x_wconf 91' lang='lat' dir='ltr'>sic</span> <span class='ocrx_word' id='word_1_126' title='bbox 555 1924 735 1970; x_wconf 88' lang='lat' dir='ltr'>scribo:</span> 
     </span>
     <span class='ocr_line' id='line_1_19' title="bbox 577 2015 1762 2069; baseline -0.003 -5"><span class='ocrx_word' id='word_1_127' title='bbox 577 2028 622 2065; x_wconf 89' lang='lat' dir='ltr'>et</span> <span class='ocrx_word' id='word_1_128' title='bbox 653 2018 849 2063; x_wconf 89' lang='lat' dir='ltr'>nimium</span> <span class='ocrx_word' id='word_1_129' title='bbox 881 2016 1023 2062; x_wconf 91' lang='lat' dir='ltr'>remis</span> <span class='ocrx_word' id='word_1_130' title='bbox 1054 2017 1251 2062; x_wconf 87' lang='lat' dir='ltr'>audent:</span> <span class='ocrx_word' id='word_1_131' title='bbox 1282 2031 1369 2069; x_wconf 92' lang='lat' dir='ltr'>pro</span> <span class='ocrx_word' id='word_1_132' title='bbox 1402 2024 1538 2069; x_wconf 89' lang='lat' dir='ltr'>turpe</span> <span class='ocrx_word' id='word_1_133' title='bbox 1570 2015 1762 2060; x_wconf 88' lang='lat' dir='ltr'>Latinos</span> 
     </span>
     <span class='ocr_line' id='line_1_20' title="bbox 694 2110 1591 2167; baseline -0.003 -9"><span class='ocrx_word' id='word_1_134' title='bbox 694 2113 904 2167; x_wconf 89' lang='lat' dir='ltr'>principe</span> <span class='ocrx_word' id='word_1_135' title='bbox 936 2120 981 2157; x_wconf 92' lang='lat' dir='ltr'>te</span> <span class='ocrx_word' id='word_1_136' title='bbox 1012 2112 1178 2157; x_wconf 90' lang='lat' dir='ltr'>fluctus</span> <span class='ocrx_word' id='word_1_137' title='bbox 1209 2111 1334 2165; x_wconf 73' lang='lat' dir='ltr'>regia</span> <span class='ocrx_word' id='word_1_138' title='bbox 1364 2111 1469 2156; x_wconf 86' lang='lat' dir='ltr'>vela</span> <span class='ocrx_word' id='word_1_139' title='bbox 1499 2110 1591 2164; x_wconf 85' lang='lat' dir='ltr'>pati</span> 
     </span>
    </p>
   </div>
   <div class='ocr_carea' id='block_1_11' title="bbox 459 2206 1455 2256">
    <p class='ocr_par' dir='ltr' id='par_1_11' title="bbox 459 2206 1455 2256">
     <span class='ocr_line' id='line_1_21' title="bbox 459 2206 1455 2256; baseline -0.006 0"><span class='ocrx_word' id='word_1_140' title='bbox 459 2211 500 2256; x_wconf 96' lang='lat' dir='ltr'>L</span> <span class='ocrx_word' id='word_1_141' title='bbox 516 2209 606 2256; x_wconf 82' lang='lat' dir='ltr'>ati</span> <span class='ocrx_word' id='word_1_142' title='bbox 623 2225 654 2254; x_wconf 94' lang='lat' dir='ltr'>n</span> <span class='ocrx_word' id='word_1_143' title='bbox 674 2223 704 2253; x_wconf 96' lang='lat' dir='ltr'>o</span> <span class='ocrx_word' id='word_1_144' title='bbox 720 2223 742 2253; x_wconf 94' lang='lat' dir='ltr'>s</span> <span class='ocrx_word' id='word_1_145' title='bbox 773 2208 864 2253; x_wconf 88' lang='lat' dir='ltr'>iam</span> <span class='ocrx_word' id='word_1_146' title='bbox 898 2206 1210 2252; x_wconf 86' lang='lat' dir='ltr'>Marklandus</span> <span class='ocrx_word' id='word_1_147' title='bbox 1242 2206 1455 2251; x_wconf 91' lang='lat' dir='ltr'>coniecit.</span> 
     </span>
    </p>
   </div>
   <div class='ocr_carea' id='block_1_12' title="bbox 456 2357 2169 2517">
    <p class='ocr_par' dir='ltr' id='par_1_12' title="bbox 456 2357 2169 2517">
     <span class='ocr_line' id='line_1_22' title="bbox 456 2357 2169 2416; baseline -0.004 -7"><span class='ocrx_word' id='word_1_148' title='bbox 456 2365 497 2410; x_wconf 91' lang='lat' dir='ltr'>F</span> <span class='ocrx_word' id='word_1_149' title='bbox 514 2363 625 2416; x_wconf 86' lang='lat' dir='ltr'>uit,</span> <span class='ocrx_word' id='word_1_150' title='bbox 671 2378 758 2416; x_wconf 91' lang='lat' dir='ltr'>pro</span> <span class='ocrx_word' id='word_1_151' title='bbox 788 2377 883 2416; x_wconf 86' lang='lat' dir='ltr'>quo</span> <span class='ocrx_word' id='word_1_152' title='bbox 917 2361 1144 2406; x_wconf 79' lang='lat' dir='ltr'>Heinsius</span> <span class='ocrx_word' id='word_1_153' title='bbox 1174 2361 1238 2406; x_wconf 75' lang='lat' dir='ltr'>fu</span> <span class='ocrx_word' id='word_1_154' title='bbox 1254 2376 1278 2405; x_wconf 90' lang='lat' dir='ltr'>r</span> <span class='ocrx_word' id='word_1_155' title='bbox 1294 2360 1308 2405; x_wconf 95' lang='lat' dir='ltr'>i</span> <span class='ocrx_word' id='word_1_156' title='bbox 1325 2369 1343 2405; x_wconf 92' lang='lat' dir='ltr'>t</span> <span class='ocrx_word' id='word_1_157' title='bbox 1380 2360 1635 2414; x_wconf 86' lang='lat' dir='ltr'>proposuit,</span> <span class='ocrx_word' id='word_1_158' title='bbox 1668 2358 1879 2404; x_wconf 88' lang='lat' dir='ltr'>defendit</span> <span class='ocrx_word' id='word_1_159' title='bbox 1910 2357 2169 2411; x_wconf 77' lang='lat' dir='ltr'>Postgatius</span> 
     </span>
     <span class='ocr_line' id='line_1_23' title="bbox 456 2454 1032 2517; baseline -0.007 -13"><span class='ocrx_word' id='word_1_160' title='bbox 456 2457 636 2517; x_wconf 92' lang='lat' dir='ltr'>(Select</span> <span class='ocrx_word' id='word_1_161' title='bbox 668 2457 796 2510; x_wconf 79' lang='lat' dir='ltr'>Eleg.</span> <span class='ocrx_word' id='word_1_162' title='bbox 828 2471 873 2509; x_wconf 90' lang='lat' dir='ltr'>p.</span> <span class='ocrx_word' id='word_1_163' title='bbox 904 2454 1032 2514; x_wconf 87' lang='lat'><strong>218).</strong></span> 
     </span>
    </p>
   </div>
   <div class='ocr_carea' id='block_1_13' title="bbox 325 2608 1605 2666">
    <p class='ocr_par' dir='ltr' id='par_1_13' title="bbox 325 2608 1605 2666">
     <span class='ocr_line' id='line_1_24' title="bbox 325 2608 1605 2666; baseline -0.005 -7"><span class='ocrx_word' id='word_1_164' title='bbox 325 2613 397 2659; x_wconf 89' lang='grc'>59.</span> <span class='ocrx_word' id='word_1_165' title='bbox 413 2612 484 2658; x_wconf 87' lang='grc'>60.</span> <span class='ocrx_word' id='word_1_166' title='bbox 516 2620 562 2657; x_wconf 88' lang='lat' dir='ltr'>at</span> <span class='ocrx_word' id='word_1_167' title='bbox 591 2620 723 2666; x_wconf 88' lang='lat' dir='ltr'>pater</span> <span class='ocrx_word' id='word_1_168' title='bbox 754 2610 902 2655; x_wconf 85' lang='lat' dir='ltr'>Idalio</span> <span class='ocrx_word' id='word_1_169' title='bbox 933 2609 1127 2654; x_wconf 88' lang='lat' dir='ltr'>miratur</span> <span class='ocrx_word' id='word_1_170' title='bbox 1159 2608 1336 2654; x_wconf 88' lang='lat' dir='ltr'>Caesar</span> <span class='ocrx_word' id='word_1_171' title='bbox 1366 2608 1425 2653; x_wconf 92' lang='lat' dir='ltr'>ab</span> <span class='ocrx_word' id='word_1_172' title='bbox 1457 2616 1605 2653; x_wconf 86' lang='lat' dir='ltr'>astro:</span> 
     </span>
    </p>
   </div>
   <div class='ocr_carea' id='block_1_14' title="bbox 456 2702 2168 3134">
    <p class='ocr_par' dir='ltr' id='par_1_14' title="bbox 456 2702 2168 3134">
     <span class='ocr_line' id='line_1_25' title="bbox 577 2702 1683 2756; baseline -0.002 -6"><span class='ocrx_word' id='word_1_173' title='bbox 577 2705 690 2750; x_wconf 91' lang='lat' dir='ltr'>Sum</span> <span class='ocrx_word' id='word_1_174' title='bbox 722 2705 866 2756; x_wconf 78' lang='lat' dir='ltr'>deus3</span> <span class='ocrx_word' id='word_1_175' title='bbox 897 2712 966 2748; x_wconf 90' lang='lat' dir='ltr'>est</span> <span class='ocrx_word' id='word_1_176' title='bbox 996 2703 1141 2748; x_wconf 89' lang='lat' dir='ltr'>nostri</span> <span class='ocrx_word' id='word_1_177' title='bbox 1173 2703 1406 2756; x_wconf 80' lang='lat' dir='ltr'>sanguinis</span> <span class='ocrx_word' id='word_1_178' title='bbox 1437 2703 1523 2748; x_wconf 89' lang='lat' dir='ltr'>ista</span> <span class='ocrx_word' id='word_1_179' title='bbox 1552 2702 1683 2748; x_wconf 90' lang='lat' dir='ltr'>fides.</span> 
     </span>
     <span class='ocr_line' id='line_1_26' title="bbox 456 2797 2167 2852; baseline -0.001 -8"><span class='ocrx_word' id='word_1_180' title='bbox 456 2800 615 2844; x_wconf 90' lang='lat' dir='ltr'>Versu</span> <span class='ocrx_word' id='word_1_181' title='bbox 647 2798 704 2843; x_wconf 88' lang='grc'>59</span> <span class='ocrx_word' id='word_1_182' title='bbox 736 2798 837 2843; x_wconf 89' lang='lat' dir='ltr'>ltali</span> <span class='ocrx_word' id='word_1_183' title='bbox 868 2807 995 2842; x_wconf 91' lang='lat' dir='ltr'>recte</span> <span class='ocrx_word' id='word_1_184' title='bbox 1027 2798 1286 2843; x_wconf 89' lang='lat' dir='ltr'>miratus</span> <span class='ocrx_word' id='word_1_185' title='bbox 1317 2798 1616 2851; x_wconf 89' lang='lat' dir='ltr'>scripserunt,</span> <span class='ocrx_word' id='word_1_186' title='bbox 1633 2813 1728 2852; x_wconf 89' lang='lat' dir='ltr'>quo</span> <span class='ocrx_word' id='word_1_187' title='bbox 1744 2797 1949 2851; x_wconf 90' lang='lat' dir='ltr'>reposito</span> <span class='ocrx_word' id='word_1_188' title='bbox 1966 2797 2167 2842; x_wconf 88' lang='lat' dir='ltr'>verbum</span> 
     </span>
     <span class='ocr_line' id='line_1_27' title="bbox 459 2891 2166 2945; baseline -0.002 -7"><span class='ocrx_word' id='word_1_189' title='bbox 459 2894 491 2938; x_wconf 90' lang='lat' dir='ltr'>d</span> <span class='ocrx_word' id='word_1_190' title='bbox 508 2893 523 2937; x_wconf 94' lang='lat' dir='ltr'>i</span> <span class='ocrx_word' id='word_1_191' title='bbox 540 2909 571 2937; x_wconf 88' lang='lat' dir='ltr'><strong>x</strong></span> <span class='ocrx_word' id='word_1_192' title='bbox 586 2893 601 2937; x_wconf 94' lang='lat' dir='ltr'>i</span> <span class='ocrx_word' id='word_1_193' title='bbox 618 2902 636 2937; x_wconf 92' lang='lat' dir='ltr'>t</span> <span class='ocrx_word' id='word_1_194' title='bbox 682 2900 838 2936; x_wconf 91' lang='lat' dir='ltr'>mente</span> <span class='ocrx_word' id='word_1_195' title='bbox 882 2891 1089 2945; x_wconf 90' lang='lat' dir='ltr'>suppleri</span> <span class='ocrx_word' id='word_1_196' title='bbox 1134 2900 1299 2945; x_wconf 91' lang='lat' dir='ltr'>potest.</span> <span class='ocrx_word' id='word_1_197' title='bbox 1347 2893 1678 2937; x_wconf 87' lang='lat' dir='ltr'>Lachmannus</span> <span class='ocrx_word' id='word_1_198' title='bbox 1724 2893 1903 2945; x_wconf 86' lang='lat' dir='ltr'>primus</span> <span class='ocrx_word' id='word_1_199' title='bbox 1949 2891 2166 2937; x_wconf 89' lang='lat' dir='ltr'>codicum</span> 
     </span>
     <span class='ocr_line' id='line_1_28' title="bbox 458 2986 2168 3039; baseline 0 -9"><span class='ocrx_word' id='word_1_200' title='bbox 458 2987 707 3032; x_wconf 90' lang='lat' dir='ltr'>lectionem</span> <span class='ocrx_word' id='word_1_201' title='bbox 753 2986 1007 3037; x_wconf 85' lang='lat' dir='ltr'>revocavit,</span> <span class='ocrx_word' id='word_1_202' title='bbox 1054 2986 1137 3030; x_wconf 92' lang='lat' dir='ltr'>sed</span> <span class='ocrx_word' id='word_1_203' title='bbox 1182 2995 1339 3031; x_wconf 86' lang='lat' dir='ltr'>tamen</span> <span class='ocrx_word' id='word_1_204' title='bbox 1385 2986 1585 3032; x_wconf 86' lang='lat' dir='ltr'>verbum</span> <span class='ocrx_word' id='word_1_205' title='bbox 1634 2986 1836 3039; x_wconf 85' lang='lat' dir='ltr'>dicendi,</span> <span class='ocrx_word' id='word_1_206' title='bbox 1878 2986 1979 3031; x_wconf 89' lang='lat' dir='ltr'>sive</span> <span class='ocrx_word' id='word_1_207' title='bbox 2010 2993 2168 3030; x_wconf 90' lang='lat' dir='ltr'>mente</span> 
     </span>
     <span class='ocr_line' id='line_1_29' title="bbox 460 3080 2166 3134; baseline -0.001 -8"><span class='ocrx_word' id='word_1_208' title='bbox 460 3082 741 3134; x_wconf 87' lang='lat' dir='ltr'>suppletum,</span> <span class='ocrx_word' id='word_1_209' title='bbox 773 3080 873 3124; x_wconf 90' lang='lat' dir='ltr'>sive</span> <span class='ocrx_word' id='word_1_210' title='bbox 903 3080 993 3124; x_wconf 90' lang='lat' dir='ltr'>alio</span> <span class='ocrx_word' id='word_1_211' title='bbox 1024 3081 1167 3125; x_wconf 92' lang='lat' dir='ltr'>modo</span> <span class='ocrx_word' id='word_1_212' title='bbox 1198 3095 1472 3134; x_wconf 85' lang='lat' dir='ltr'>expressum</span> <span class='ocrx_word' id='word_1_213' title='bbox 1504 3080 1760 3126; x_wconf 90' lang='lat' dir='ltr'>desiderari</span> <span class='ocrx_word' id='word_1_214' title='bbox 1776 3080 2035 3133; x_wconf 78' lang='lat' dir='ltr'>intelligens</span> <span class='ocrx_word' id='word_1_215' title='bbox 2055 3089 2166 3125; x_wconf 91' lang='lat' dir='ltr'>tum</span> 
     </span>
    </p>
   </div>
   <div class='ocr_carea' id='block_1_15' title="bbox 461 3175 2169 3229">
    <p class='ocr_par' dir='ltr' id='par_1_15' title="bbox 461 3175 2169 3229">
     <span class='ocr_line' id='line_1_30' title="bbox 461 3175 2169 3229; baseline 0.001 -10"><span class='ocrx_word' id='word_1_216' title='bbox 461 3176 492 3219; x_wconf 94' lang='lat' dir='ltr'>d</span> <span class='ocrx_word' id='word_1_217' title='bbox 506 3191 533 3220; x_wconf 90' lang='lat' dir='ltr'>e</span> <span class='ocrx_word' id='word_1_218' title='bbox 546 3191 577 3220; x_wconf 94' lang='lat' dir='ltr'>u</span> <span class='ocrx_word' id='word_1_219' title='bbox 589 3190 611 3219; x_wconf 92' lang='lat' dir='ltr'>s</span> <span class='ocrx_word' id='word_1_220' title='bbox 642 3175 842 3220; x_wconf 90' lang='lat' dir='ltr'>coniecit</span> <span class='ocrx_word' id='word_1_221' title='bbox 871 3190 958 3228; x_wconf 92' lang='lat' dir='ltr'>pro</span> <span class='ocrx_word' id='word_1_222' title='bbox 990 3190 1011 3220; x_wconf 95' lang='lat' dir='ltr'>s</span> <span class='ocrx_word' id='word_1_223' title='bbox 1025 3191 1056 3220; x_wconf 93' lang='lat' dir='ltr'>u</span> <span class='ocrx_word' id='word_1_224' title='bbox 1070 3191 1117 3220; x_wconf 91' lang='lat' dir='ltr'><strong>m</strong></span> <span class='ocrx_word' id='word_1_225' title='bbox 1150 3176 1180 3219; x_wconf 95' lang='lat' dir='ltr'>d</span> <span class='ocrx_word' id='word_1_226' title='bbox 1195 3191 1221 3220; x_wconf 90' lang='lat' dir='ltr'>e</span> <span class='ocrx_word' id='word_1_227' title='bbox 1236 3191 1266 3220; x_wconf 94' lang='lat' dir='ltr'>u</span> <span class='ocrx_word' id='word_1_228' title='bbox 1281 3190 1316 3227; x_wconf 91' lang='lat' dir='ltr'>s,</span> <span class='ocrx_word' id='word_1_229' title='bbox 1348 3176 1475 3229; x_wconf 90' lang='lat' dir='ltr'>quod</span> <span class='ocrx_word' id='word_1_230' title='bbox 1507 3191 1592 3220; x_wconf 92' lang='lat' dir='ltr'>cur</span> <span class='ocrx_word' id='word_1_231' title='bbox 1608 3183 1880 3228; x_wconf 88' lang='lat' dir='ltr'>corruptum</span> <span class='ocrx_word' id='word_1_232' title='bbox 1898 3176 2091 3220; x_wconf 89' lang='lat' dir='ltr'>duceret</span> <span class='ocrx_word' id='word_1_233' title='bbox 2106 3175 2169 3220; x_wconf 91' lang='lat' dir='ltr'>ita</span> 
     </span>
    </p>
   </div>
   <div class='ocr_carea' id='block_1_16' title="bbox 328 3277 611 3283">
    <p class='ocr_par' dir='ltr' id='par_1_16' title="bbox 328 3277 611 3283">
     <span class='ocr_line' id='line_1_31' title="bbox 328 3277 611 3283; baseline 0 0"><span class='ocrx_word' id='word_1_234' title='bbox 328 3277 611 3283; x_wconf 95' lang='lat' dir='ltr'> </span> 
     </span>
    </p>
   </div>
   <div class='ocr_carea' id='block_1_17' title="bbox 327 3309 2167 3473">
    <p class='ocr_par' dir='ltr' id='par_1_17' title="bbox 327 3309 2167 3473">
     <span class='ocr_line' id='line_1_32' title="bbox 376 3309 2166 3357; baseline 0 -10"><span class='ocrx_word' id='word_1_235' title='bbox 376 3311 407 3357; x_wconf 86' lang='lat'>¹)</span> <span class='ocrx_word' id='word_1_236' title='bbox 457 3313 584 3347; x_wconf 72' lang='lat' dir='ltr'>Minus</span> <span class='ocrx_word' id='word_1_237' title='bbox 616 3313 735 3352; x_wconf 71' lang='lat' dir='ltr'>placet</span> <span class='ocrx_word' id='word_1_238' title='bbox 766 3313 979 3347; x_wconf 78' lang='lat' dir='ltr'>coniectura</span> <span class='ocrx_word' id='word_1_239' title='bbox 1018 3313 1175 3347; x_wconf 72' lang='lat' dir='ltr'>Palmeri</span> <span class='ocrx_word' id='word_1_240' title='bbox 1200 3309 1376 3355; x_wconf 74' lang='lat' dir='ltr'>(Praefat.</span> <span class='ocrx_word' id='word_1_241' title='bbox 1402 3314 1490 3347; x_wconf 84' lang='lat' dir='ltr'>edit.</span> <span class='ocrx_word' id='word_1_242' title='bbox 1516 3309 1621 3355; x_wconf 87' lang='lat' dir='ltr'><strong>LIV)</strong></span> <span class='ocrx_word' id='word_1_243' title='bbox 1654 3313 1749 3348; x_wconf 87' lang='lat' dir='ltr'>viri</span> <span class='ocrx_word' id='word_1_244' title='bbox 1784 3324 1849 3353; x_wconf 87' lang='lat' dir='ltr'>pro</span> <span class='ocrx_word' id='word_1_245' title='bbox 1887 3314 2038 3354; x_wconf 73' lang='grc' dir='ltr'><strong>Ιγτιος</strong></span> <span class='ocrx_word' id='word_1_246' title='bbox 2072 3313 2166 3348; x_wconf 83' lang='lat' dir='ltr'>viri</span> 
     </span>
     <span class='ocr_line' id='line_1_33' title="bbox 328 3371 2167 3413; baseline -0.001 -6"><span class='ocrx_word' id='word_1_247' title='bbox 328 3373 340 3407; x_wconf 91' lang='lat' dir='ltr'>i</span> <span class='ocrx_word' id='word_1_248' title='bbox 354 3385 389 3407; x_wconf 87' lang='lat' dir='ltr'>m</span> <span class='ocrx_word' id='word_1_249' title='bbox 402 3373 425 3406; x_wconf 90' lang='lat' dir='ltr'>b</span> <span class='ocrx_word' id='word_1_250' title='bbox 439 3383 459 3405; x_wconf 83' lang='lat' dir='ltr'>e</span> <span class='ocrx_word' id='word_1_251' title='bbox 473 3372 485 3405; x_wconf 91' lang='lat' dir='ltr'>l</span> <span class='ocrx_word' id='word_1_252' title='bbox 499 3372 512 3406; x_wconf 93' lang='lat' dir='ltr'>l</span> <span class='ocrx_word' id='word_1_253' title='bbox 524 3382 544 3405; x_wconf 84' lang='lat' dir='ltr'>e</span> <span class='ocrx_word' id='word_1_254' title='bbox 558 3383 576 3405; x_wconf 75' lang='lat' dir='ltr'>s</span> <span class='ocrx_word' id='word_1_255' title='bbox 602 3372 721 3405; x_wconf 75' lang='lat' dir='ltr'>minus</span> <span class='ocrx_word' id='word_1_256' title='bbox 745 3371 904 3405; x_wconf 76' lang='lat' dir='ltr'>feliciter</span> <span class='ocrx_word' id='word_1_257' title='bbox 928 3372 1068 3406; x_wconf 81' lang='lat' dir='ltr'>dictum</span> <span class='ocrx_word' id='word_1_258' title='bbox 1094 3372 1240 3407; x_wconf 82' lang='lat' dir='ltr'>videtur</span> <span class='ocrx_word' id='word_1_259' title='bbox 1265 3374 1310 3406; x_wconf 85' lang='lat' dir='ltr'>de</span> <span class='ocrx_word' id='word_1_260' title='bbox 1335 3372 1442 3407; x_wconf 75' lang='lat' dir='ltr'>novis</span> <span class='ocrx_word' id='word_1_261' title='bbox 1468 3372 1542 3406; x_wconf 76' lang='lat' dir='ltr'>illis</span> <span class='ocrx_word' id='word_1_262' title='bbox 1569 3372 1724 3413; x_wconf 74' lang='lat' dir='ltr'>populis,</span> <span class='ocrx_word' id='word_1_263' title='bbox 1738 3372 1869 3413; x_wconf 73' lang='lat' dir='ltr'>quibua</span> <span class='ocrx_word' id='word_1_264' title='bbox 1883 3382 2033 3413; x_wconf 73' lang='lat' dir='ltr'>serpens</span> <span class='ocrx_word' id='word_1_265' title='bbox 2046 3379 2167 3407; x_wconf 82' lang='lat' dir='ltr'>terror</span> 
     </span>
     <span class='ocr_line' id='line_1_34' title="bbox 327 3430 934 3473; baseline -0.003 -7"><span class='ocrx_word' id='word_1_266' title='bbox 327 3439 418 3473; x_wconf 72' lang='lat' dir='ltr'>erat,</span> <span class='ocrx_word' id='word_1_267' title='bbox 443 3432 489 3465; x_wconf 73' lang='lat' dir='ltr'>ci.</span> <span class='ocrx_word' id='word_1_268' title='bbox 516 3431 588 3466; x_wconf 85' lang='lat' dir='ltr'>Ov.</span> <span class='ocrx_word' id='word_1_269' title='bbox 615 3430 710 3464; x_wconf 85' lang='lat' dir='ltr'>Met.</span> <span class='ocrx_word' id='word_1_270' title='bbox 734 3430 761 3471; x_wconf 86' lang='lat'>1,</span> <span class='ocrx_word' id='word_1_271' title='bbox 786 3430 934 3471; x_wconf 63' lang='lat' dir='ltr'><strong>4382qq.</strong></span> 
     </span>
    </p>
   </div>
  </div>
 </body>
</html>
