2566 3886
347 1999 419 2045 29.

353 3122 423 3168 38.

1136 268 1400 317 —130—

479 400 647 454 explic.
680 416 725 454 p.
758 399 841 460 59)
874 416 1054 454 versus,
1087 402 1148 447 de
1165 415 1261 454 quo
1277 401 1469 455 agimus,
1486 401 1563 446 vel
1585 410 1690 455 post
1710 401 1767 447 24
1784 398 1919 459 (cum
1937 400 2195 464 scaligero)

476 498 554 542 vel
597 505 702 550 post
744 496 801 542 26
844 495 979 555 (cum
1026 494 1358 555 Lachmanno)
1401 497 1677 543 inserendos
1709 506 1860 551 putat3
1892 499 2009 545 haec
2039 509 2195 546 autem

476 593 690 637 adnotat:
712 593 829 645 „hac
845 592 1206 646 interrogatione
1222 590 1295 650 (v.
1313 590 1384 636 31.
1402 590 1486 650 32)
1502 601 1640 645 poeta
1655 593 1891 638 luculente
1908 595 2196 640 demonstrat

475 688 600 733 illam
645 686 1036 739 dementiam,
1080 702 1222 740 quam
1254 701 1396 732 versu
1418 685 1476 731 23
1493 687 1693 741 castigat.
1711 687 1962 734 Praeterea
2003 689 2197 735 forma

476 783 637 828 bona
698 798 808 827 cum
870 790 1044 827 recta
1091 782 1179 835 fig
1204 797 1313 827 ura
1358 779 1431 840 (v.
1478 780 1562 840 25)
1608 791 1655 828 et
1706 784 2007 830 caeruleo
2058 785 2197 831 fuco

477 894 586 924 cum
634 887 901 923 externo
944 878 1156 923 nitore
1188 875 1260 935 (v.
1292 875 1377 935 24)
1408 886 1453 922 et
1501 877 1794 932 Belgicus
1836 880 2014 924 color
2045 879 2197 933 (v.26)

475 974 722 1019 manifesto
753 983 860 1020 sunt
887 974 1258 1027 coniungenda”.
1291 972 1383 1018 Sed
1415 982 1543 1018 recte
1575 973 1734 1019 scribit
1767 973 1896 1019 Otto:
1929 990 2003 1027 ,‚v.
2036 972 2107 1019 31.
2139 974 2197 1020 32

475 1067 722 1128 (konnen)
739 1070 1018 1115 schwerlich
1044 1069 1091 1114 in
1124 1078 1308 1122 grosser
1340 1068 1637 1123 Entfernung
1667 1085 1762 1115 von
1779 1068 1851 1114 29.
1868 1069 1926 1115 30
1944 1071 2198 1124 gestanden

475 1166 645 1218 haben,
679 1167 806 1211 denn
838 1165 915 1210 die
947 1165 1111 1210 Worte
1159 1165 1229 1209 mi
1272 1180 1369 1219 per
1412 1173 1463 1210 te
1501 1164 1712 1217 poteris
1743 1165 1984 1211 formosa
2013 1165 2197 1212 videri

474 1262 649 1316 greifen
693 1261 876 1307 zuriick
919 1262 997 1306 aut
1022 1261 1099 1305 die
1132 1260 1282 1314 Frage
1323 1276 1382 1305 an
1503 1262 1690 1306 caerula
1719 1261 1872 1306 forma
1903 1261 2027 1306 bona
2057 1270 2126 1307 est
2139 1259 2195 1306 ?”

476 1357 605 1401 Inter
651 1371 818 1401 versus
865 1355 937 1400 29.
985 1355 1042 1400 30
1085 1364 1132 1400 et
1178 1354 1249 1400 33.
1295 1354 1352 1400 34
1398 1355 1641 1400 vinculum
1684 1356 1984 1409 perspicuum
2016 1365 2114 1402 est:
2145 1366 2196 1403 tu

475 1451 590 1496 mihi
621 1451 828 1496 formosa
859 1451 966 1495 satis
998 1466 1063 1503 es,
1095 1451 1133 1495 si
1165 1465 1305 1503 saepe
1335 1450 1491 1503 venis;
1509 1450 1619 1495 veni
1636 1450 1773 1504 igitur
1788 1452 1847 1496 ad
1864 1466 1941 1497 me
1958 1461 2196 1505 tamquam

473 1549 532 1592 ad
564 1548 753 1592 fratrem
786 1555 865 1591 aut
894 1546 1044 1591 {ilium
1088 1543 1488 1604 (Lachmannus).
1535 1545 1693 1591 Probo
1740 1546 1877 1600 igitur
1923 1546 2196 1593 Baehrensii

479 1642 905 1695 transpositionem.

483 1737 771 1783 Coniectura
816 1745 973 1782 autem
1020 1736 1270 1789 lenissima,
1318 1752 1426 1782 nam
1473 1747 1523 1783 ut
1568 1738 1668 1783 aliis
1714 1738 1843 1790 locis,
1875 1738 1971 1783 duo
2001 1739 2199 1784 disticha

480 1834 602 1878 inter
632 1848 683 1878 se
714 1832 992 1885 transposita
1023 1841 1144 1877 sunt.

481 2000 645 2045 Verba
690 2001 720 2044 d
735 2015 762 2044 e
810 2016 857 2044 m
871 2015 912 2052 e,
960 2014 1081 2053 quae
1128 1999 1176 2043 in
1223 1999 1465 2044 codicibus
1511 2000 1741 2053 leguntur,
1782 2000 1975 2045 fortasse
2006 1999 2198 2044 defendi

481 2105 690 2148 possunt,
752 2096 790 2140 si
837 2110 946 2140 cum
994 2094 1186 2139 Barthio
1232 2095 1293 2139 de
1339 2110 1416 2139 me
1463 2095 1636 2148 quod
1683 2095 1758 2139 ad
1806 2109 1898 2140 me
1944 2095 2198 2140 attinet

481 2192 843 2244 interpretamur
874 2187 996 2248 (vid.
1032 2188 1319 2248 Rothstein),
1351 2191 1434 2235 sed
1467 2191 1613 2235 multo
1630 2190 1798 2235 melius
1814 2199 1883 2235 est
1899 2204 1986 2243 pro
2013 2190 2045 2234 d
2061 2205 2089 2235 e
2105 2205 2153 2234 m
2170 2204 2198 2235 e

481 2301 590 2330 cum
624 2285 911 2330 Baehrensio
943 2285 974 2329 d
988 2300 1015 2330 e
1029 2285 1079 2330 si
1094 2301 1125 2329 n
1140 2301 1167 2330 e
1197 2300 1444 2337 reponere.

484 2381 560 2426 mi
603 2389 776 2426 certe
821 2380 1067 2433 poteris
1110 2380 1389 2425 formosa
1431 2380 1642 2424 videri
1672 2380 1750 2425 vel
1772 2388 1875 2432 post
1907 2380 2198 2425 Lachmanni

483 2476 845 2530 disputationem
877 2490 973 2520 non
1006 2475 1175 2520 mutari
1206 2475 1265 2519 ab
1297 2475 1556 2520 editoribus
1587 2475 1837 2526 miramur3
1869 2474 1908 2519 is
1939 2474 2066 2519 enim
2083 2475 2200 2519 haec

483 2571 666 2616 scribit:
700 2571 837 2623 „satis
853 2571 992 2623 plene
1006 2579 1052 2615 et
1067 2570 1215 2615 otiose
1230 2570 1460 2623 loquitur:
1484 2571 1550 2615 de
1573 2585 1671 2622 me,
1694 2570 1764 2614 mi
1795 2578 1969 2614 certe:
2000 2569 2199 2614 alterum

486 2681 603 2711 vero
643 2665 907 2719 poteris
947 2665 1246 2710 formosa
1285 2664 1513 2710 videri
1554 2673 1633 2710 aut
1665 2664 1874 2709 breviter
1905 2663 2058 2716 nimis,
2090 2677 2199 2708 cum

484 2761 680 2806 deberet
711 2760 869 2805 dicere
897 2761 1158 2805 inornatam
1175 2775 1366 2813 quoque
1383 2760 1471 2805 sibi
1487 2759 1744 2812 Cynthiam
1761 2759 2015 2804 formosam
2032 2757 2200 2810 videri,

483 2865 562 2901 aut
594 2856 764 2901 iterum
795 2855 957 2907 otiose,
990 2870 1098 2900 cum
1130 2864 1367 2908 sequatur,
1399 2855 1470 2900 mi
1501 2856 1748 2900 formosa
1778 2862 1860 2899 sat
1891 2854 1992 2898 es”.

484 2952 614 3004 Lego
645 2950 782 3003 igitur
813 2965 844 3002 p
861 2965 888 2994 e
905 2965 929 2994 r
959 2959 1019 2994 te
1051 2950 1179 3003 quod
1212 2950 1392 3002 primus
1423 2950 1624 2995 coniecit
1656 2948 1927 2994 Hoeufftius
1957 2955 2152 2992 nostras.

487 3123 581 3168 Pro
614 3132 816 3167 terram
843 3123 944 3175 lege
963 3137 1070 3167 cum
1091 3121 1283 3174 Guyeto
1311 3130 1503 3167 terras.
1533 3121 1780 3167 Rothstein
1812 3129 1968 3166 servat
1997 3128 2199 3166 terram

484 3219 602 3262 haec
648 3217 882 3262 scribens:
931 3216 1091 3269 „Erde
1137 3217 1235 3261 und
1268 3217 1409 3262 Meer
1439 3217 1567 3262 kann
1599 3216 1686 3261 der
1716 3215 1914 3261 Dichter
1944 3215 2201 3268 ebensogut

482 3312 924 3356 zusammenstellen
956 3311 1047 3356 wie
1080 3311 1271 3356 Linder
1301 3312 1399 3356 und
1433 3311 1645 3363 Meere’'‚
1682 3325 1804 3364 quae
1835 3309 1951 3355 nihil
1982 3309 2158 3355 dicunt.
