2566 3886
358 1156 430 1202 23.

359 1536 430 1583 31.

1151 256 1417 302 —151—

1035 457 1290 505 ELEGIA
1320 457 1534 503 XXIVB.

492 587 717 632 Absurde
740 587 1013 633 Phillimore
1036 602 1226 634 carmen
1248 587 1461 640 XXIVB,
1484 589 1613 641 quod
1630 588 1809 642 Vulpio
1828 598 2026 643 excepto
2042 604 2207 635 omnes

492 682 695 727 editores
742 681 974 736 Scaligero
1005 691 1261 736 praeeunte
1293 691 1546 736 segregant,
1578 697 1686 728 cum
1719 684 1865 738 elegia
1894 700 2036 737 quam
2065 686 2207 730 modo

490 777 791 822 tractavimus
839 778 1136 823 coniunctam
1183 777 1342 823 edidit.
1391 777 1579 823 Etenim
1626 779 1731 831 quis
1778 779 2033 831 dominam,
2064 795 2205 833 quam

492 873 635 917 modo
677 872 886 918 fallacem
930 873 1203 924 nominavit,
1247 888 1275 917 a
1317 887 1411 925 qua
1455 872 1659 918 ludibrio
1703 873 1878 918 habere
1920 889 2029 919 eum
2062 875 2208 927 pudet

490 965 703 1026 (XXIV.
738 966 821 1026 16)
851 976 945 1013 tam
977 967 1151 1014 blando
1182 968 1391 1013 carmine
1422 967 1726 1022 alloquetur?

491 1156 621 1202 Ante
659 1158 782 1202 hunc
819 1172 1011 1203 versum
1049 1157 1224 1212 aliquid
1263 1158 1554 1203 intercidisse
1593 1158 1831 1204 Muellero
1863 1167 1910 1204 et
1942 1159 2207 1204 Hartmano

492 1252 731 1297 assentior.
776 1251 995 1298 Conierri
1039 1262 1195 1306 posset
1227 1253 1262 1298 1.
1296 1252 1337 1298 8.
1370 1251 1441 1305 37,
1474 1254 1558 1298 sed
1590 1254 1680 1299 hoc
1711 1254 1816 1299 loco
1846 1254 2205 1308 transpositione

489 1362 609 1402 opus
640 1362 744 1393 esse
775 1347 896 1392 infra
925 1348 1175 1393 ostendere
1206 1356 1402 1393 conatus
1433 1363 1552 1393 sum.

491 1537 572 1591 qui
604 1553 731 1583 nunc
763 1553 814 1583 se
845 1537 892 1582 in
925 1538 1159 1583 tumidum
1191 1538 1406 1583 iactando
1437 1538 1567 1584 venit
1598 1539 1843 1584 honorem.

489 1631 793 1678 Tumidus
844 1633 1043 1678 honor
1096 1633 1311 1678 inusitate
1366 1634 1542 1679 dictum
1590 1635 1798 1688 quidem,
1845 1650 2001 1689 neque
2049 1644 2204 1682 tamen

493 1727 739 1782 Propertio
776 1728 1045 1773 abiudicare
1083 1729 1323 1780 auderem,
1362 1728 1450 1773 nisi
1488 1730 1734 1774 accederet
1775 1730 1903 1782 quod
1942 1745 2204 1783 pronomen

490 1838 553 1868 se
591 1824 719 1877 quod
756 1823 872 1868 falso
909 1823 1034 1868 delet
1070 1823 1340 1877 Hertzberg
1371 1825 1491 1870 male
1523 1825 1764 1870 vocabulis
1802 1825 1861 1870 in
1901 1825 2204 1871 tumidum

492 1933 520 1962 a
549 1918 698 1963 verbo
729 1918 928 1963 iactandi
948 1927 1201 1971 separatur.
1220 1918 1469 1964 Praeterea
1485 1919 1637 1965 codex
1654 1919 1694 1964 F
1713 1920 1907 1972 praebet
1936 1929 1954 1965 t
1967 1936 1998 1965 u
2013 1920 2134 1965 mid
2150 1935 2203 1972 e;

492 2012 564 2058 his
585 2012 727 2058 rebus
748 2011 991 2066 perpensis
1006 2013 1201 2058 fortasse
1218 2027 1326 2058 cum
1345 2013 1520 2066 Paleyo
1535 2023 1582 2059 et
1599 2014 1885 2059 Baehrensio
1901 2014 2203 2060 scribendum

494 2122 598 2152 esse
629 2122 826 2153 censeo:

643 2203 725 2257 qui
757 2218 883 2248 nunc
914 2218 965 2248 se
997 2200 1071 2262 [in]
1103 2203 1283 2249 tumide
1315 2203 1530 2249 iactando
1561 2201 1791 2262 (in)venit
1822 2205 2067 2249 honorem.

359 2392 548 2439 35—38.
576 2393 682 2439 Hos
713 2408 878 2438 versus
903 2408 989 2438 suo
1020 2394 1125 2438 loco
1156 2409 1348 2439 manere
1386 2394 1576 2446 debere,
1609 2409 1764 2448 neque
1796 2409 1904 2439 cum
1943 2393 2203 2447 Rosbergio

359 2771 430 2817 35.

359 3043 430 3088 45.

490 2486 771 2546 (Lucubrat.
804 2489 944 2542 Prop.
976 2503 1020 2541 p.
1056 2487 1137 2546 16)
1168 2504 1271 2535 esse
1302 2490 1677 2543 transponendos
1709 2490 1824 2536 Otto
1855 2490 1977 2535 bene
2011 2490 2203 2534 demon-

492 2584 654 2628 stravit
682 2580 1179 2641 (Versumstellungen
1214 2585 1234 2629 1
1267 2599 1311 2637 p.
1347 2582 1442 2643 13).

492 2772 587 2817 Pro
629 2781 690 2818 tu
734 2788 842 2818 cum
888 2773 1174 2819 Baehrensio
1217 2782 1264 2819 et
1308 2774 1574 2820 Hartmano
1611 2775 1714 2828 lego
1751 2783 1811 2819 tu
1826 2788 1898 2825 m;
1939 2788 2200 2826 pronomen

492 2875 553 2912 tu
585 2868 713 2921 quod
744 2868 821 2912 hic
853 2870 1054 2924 ἐμφάσει
1084 2869 1261 2914 dictum
1296 2878 1431 2921 esset,
1464 2869 1512 2913 in
1548 2870 1674 2914 hunc
1703 2870 1858 2914 locum
1876 2884 1971 2914 non
1988 2868 2201 2922 quadrat.

491 3043 582 3088 iam
614 3044 697 3089 tibi
730 3044 913 3090 Iasonia
942 3053 1052 3090 nota
1082 3054 1152 3091 est
1183 3045 1361 3090 Medea
1391 3045 1549 3090 carina

609 3146 654 3182 et
685 3139 827 3184 modo
859 3148 1044 3184 servato
1076 3140 1173 3184 sola
1203 3140 1364 3185 relicta
1394 3139 1512 3185 viro.

493 3232 823 3278 Lachmannus
868 3233 1059 3286 putabat
1089 3234 1270 3279 nullum
1316 3234 1364 3278 in
1407 3234 1498 3279 hoc
1528 3242 1666 3287 poeta
1696 3248 1887 3278 versum
1920 3233 2198 3286 ineptiorem

491 3326 593 3378 legi,
625 3327 707 3371 sed
739 3327 839 3371 eius
870 3327 1139 3372 coniectura
1169 3328 1283 3372 nulli
1314 3327 1481 3372 editori
1512 3327 1753 3380 persuasit.
1782 3326 2024 3372 Scribebat
2042 3335 2198 3374 autem

610 3420 700 3469 iam
731 3420 814 3468 tibi
847 3421 1028 3471 Iasonia
1058 3430 1221 3471 votum
1253 3430 1335 3479 est,
1369 3421 1559 3478 Medea,
1591 3421 1748 3471 carina
