2566 3886
333 2898 401 2942 11.

1131 272 1394 319 -308-

473 401 815 456 Unusquisque
847 404 977 450 videt
1007 405 1079 450 his
1110 405 1224 450 locis
1256 420 1424 451 revera
1455 405 1743 451 discolor
1775 420 1877 451 esse
1908 406 2186 460 legendum:

471 498 675 543 discolor
720 499 846 544 enim
879 509 949 545 est
979 509 1059 545 aut
1089 502 1262 553 quod
1295 502 1526 546 colore
1558 501 1631 545 ab
1663 501 1797 546 alia
1827 516 1894 546 re
1926 502 2185 555 differt,

470 593 854 647 dissimilis,
887 604 988 640 aut:
1021 596 1199 641 varii
1231 596 1504 641 coloris.

469 687 724 741 Postquam
757 690 842 734 hos
859 691 987 735 locos
1004 690 1175 743 citavit,
1199 691 1384 735 scribit:
1402 691 1504 743 „his
1521 699 1566 735 et
1582 690 1810 736 similibus
1827 690 1941 736 locis
1957 691 2186 737 adductus

470 783 679 829 rescribo
711 800 770 829 ex
803 785 898 830 Ms.
931 786 1056 838 apud
1090 785 1349 838 Nasonem,
1382 785 1522 831 Trist.
1554 786 1617 839 V,
1649 785 1691 838 3,
1724 785 1780 830 24

586 887 632 923 et
663 895 986 933 quascumque
1019 881 1135 926 bibit
1166 882 1196 925 d
1214 881 1228 926 i
1246 897 1309 926 sc
1327 883 1475 927 olor
1506 882 1652 926 Indus
1683 882 1872 934 aquas’'.

469 974 658 1020 Deinde
690 984 902 1020 nostrum
935 977 1092 1021 locum
1123 976 1268 1021 affert.

467 1069 616 1123 Apud
649 1069 879 1115 Ovidium
912 1070 1052 1116 Trist.
1066 1071 1128 1124 V,
1161 1071 1203 1123 3,
1235 1071 1292 1116 24
1323 1071 1487 1125 optimi
1519 1072 1706 1117 codices
1737 1072 1984 1118 decolor
2014 1072 2186 1125 legunt,

467 1166 596 1217 quod
628 1166 846 1211 colore
878 1175 1181 1219 corrupto
1213 1167 1449 1221 significat.

468 1260 586 1305 Met.
636 1261 722 1305 IV.
769 1261 852 1306 20:
900 1263 1092 1307 decolor
1123 1271 1335 1308 extremo
1366 1278 1460 1315 qua
1490 1262 1713 1316 tinguitur
1744 1263 1880 1308 India
1910 1262 2076 1316 Gange

466 1355 577 1400 Ars.
610 1356 696 1408 ΙΙΙ,
747 1356 857 1402 13οε
905 1373 1024 1410 quos
1070 1358 1178 1411 legit
1223 1358 1270 1403 in
1303 1358 1443 1403 viridi
1476 1359 1667 1403 decolor
1699 1358 1844 1403 Indus
1875 1373 1997 1411 aqua

467 1449 574 1495 Sen.
610 1451 809 1497 Phaedr.
842 1451 955 1498 344:
987 1462 1099 1498 tunc
1131 1453 1329 1507 virgatas
1362 1454 1498 1499 India
1526 1453 1665 1507 tigres

995 1549 1187 1593 decolor
1217 1549 1378 1594 horret

466 1641 617 1686 Vides
647 1642 784 1696 igitur
817 1643 1035 1688 Indum
1068 1643 1310 1696 epitheton
1343 1643 1602 1688 decolor
1634 1643 1860 1696 flagitare3
1893 1644 2022 1696 quod
2053 1651 2184 1696 argu·

467 1746 679 1782 mentum
742 1737 856 1782 mihi
916 1738 1234 1783 firmissimum
1282 1739 1470 1784 videtur
1515 1739 1574 1783 ad
1622 1739 2041 1783 demonstrandum
2089 1752 2184 1783 non

466 1831 696 1878 Ovidium
742 1849 801 1878 ex
849 1842 1009 1879 nostro
1041 1835 1146 1879 loco
1178 1833 1501 1886 Propertiano,
1533 1835 1617 1879 sed
1649 1833 1948 1886 Propertium
1981 1848 2040 1879 ex
2070 1832 2185 1878 locis

464 1943 492 1972 a
522 1943 599 1973 me
631 1929 778 1974 citatis
810 1944 912 1974 esse
943 1929 1289 1983 corrigendum.
1322 1928 1476 1982 Siquis
1507 1938 1661 1974 tamen
1695 1938 1765 1974 est
1795 1929 1877 1983 qui
1903 1936 2063 1973 nostro
2079 1929 2184 1973 loco

466 2023 752 2069 discolor
813 2024 1035 2069 defendat
1096 2040 1154 2069 eo
1216 2025 1373 2076 modo,
1430 2040 1526 2077 quo
1570 2025 1671 2069 vult
1717 2023 2075 2078 Hertzbergius,
2121 2037 2183 2068 ne

465 2119 768 2164 obliviscatur
819 2119 1038 2164 omnibus
1091 2119 1220 2171 locis,
1273 2119 1446 2172 quibus
1499 2120 1807 2165 discolor
1850 2138 1899 2156 =
1950 2119 2182 2164 colore

465 2214 802 2266 differens,
857 2215 968 2259 addi
1020 2230 1136 2267 rem,
1189 2215 1272 2260 abs
1325 2230 1419 2268 qua
1471 2214 1706 2267 discrepet
1750 2215 1839 2259 alia
1885 2229 1976 2266 res,
2021 2213 2182 2259 fatis

465 2308 786 2362 discolor,
831 2310 1186 2355 meretrici
1230 2310 1550 2355 discolor.

464 2403 686 2450 Addatur
717 2406 945 2457 exemplis
976 2421 1003 2450 a
1035 2405 1351 2459 Zingerlingio
1383 2404 1527 2449 datis:

465 2499 574 2545 Stat.
607 2499 759 2544 Theb.
793 2500 878 2552 IX,
911 2499 1024 2545 338:
1056 2501 1294 2553 pelago
1326 2515 1415 2544 nec
1446 2499 1750 2544 discolor
1781 2499 1944 2544 amnis.

463 2595 611 2648 Apud
645 2594 860 2639 Persium
884 2595 947 2646 V,
970 2594 1054 2639 52:
1078 2596 1205 2640 mille
1228 2595 1474 2640 hominum
1492 2595 1672 2648 species
1689 2602 1735 2639 et
1750 2609 1909 2639 rerum
1934 2592 2181 2638 discolor

464 2705 590 2742 usus,
607 2690 811 2734 discolor
841 2690 1052 2735 absolute
1084 2690 1277 2743 quidem
1309 2690 1559 2742 adhibitur,
1591 2690 1675 2735 sed
1706 2689 1912 2734 varius
1943 2687 2179 2741 significat.

462 2899 642 2942 haecne
673 2897 837 2942 marita
867 2898 983 2942 fides
1015 2906 1060 2942 et
1098 2902 1137 2943 ÷
1175 2913 1314 2950 parce
1346 2898 1450 2943 avia
1482 2896 1529 2948 -i-
1564 2905 1738 2943 noctes.

463 3002 524 3037 et
561 3008 761 3046 parce
798 2993 947 3037 avia
990 2993 1066 3045 N;
1109 2993 1227 3037 hae
1270 3001 1421 3038 sunt
1462 3001 1691 3045 pactae
1733 2991 1890 3036 mihi
1938 2992 1985 3037 D
2016 2991 2078 3036 V.

464 3086 590 3132 Cum
639 3089 790 3132 codex
837 3087 887 3132 N
931 3089 1022 3132 hoc
1054 3089 1158 3132 loco
1190 3096 1350 3141 aperte
1381 3096 1602 3140 corrupta
1631 3087 1866 3140 praebeat,
1899 3087 1945 3131 D
1961 3086 2010 3132 V
2040 3085 2178 3131 lectio

463 3182 685 3234 explicari
717 3183 875 3236 possit,
906 3183 1244 3227 Baehrensium
1274 3182 1351 3227 hic
1371 3183 1491 3227 iure:
1509 3183 1597 3227 hae
1614 3190 1721 3227 sunt
1751 3198 1782 3235 p
1799 3197 1826 3226 a
1842 3190 1944 3226 cta
1959 3197 1987 3226 e
2018 3196 2065 3226 m
2083 3181 2097 3225 i
2114 3181 2146 3225 h
2163 3180 2178 3225 i

463 3293 493 3321 n
511 3292 540 3321 o
557 3292 582 3321 c
599 3286 616 3321 t
633 3292 659 3321 e
677 3292 698 3321 s
731 3277 777 3321 in
801 3285 930 3321 textu
955 3277 1165 3329 posuisse
1185 3284 1333 3328 putes.
1351 3276 1563 3321 Primum
1581 3285 1737 3321 tamen
1754 3291 1850 3321 non
1867 3276 2177 3330 intelligimus,

462 3372 702 3425 quomodo
749 3387 775 3416 e
806 3371 1023 3416 codicum
1072 3371 1118 3415 D
1141 3371 1190 3416 V
1236 3371 1436 3416 lectione
1483 3370 1783 3425 Neapolitani
1826 3372 1940 3417 illud
1987 3387 2018 3425 p
2034 3385 2176 3416 arce

461 3482 488 3510 a
504 3482 535 3510 v
553 3466 567 3510 i
584 3481 611 3510 a
638 3466 750 3510 oriri
766 3466 982 3519 potuerit,
1001 3466 1083 3510 sed
1101 3474 1342 3519 praeterea
1358 3466 1405 3510 D
1421 3466 1470 3510 V
1487 3466 1686 3511 lectione
1700 3475 1934 3519 assumpta
1949 3466 2177 3512 sententia
