2566 3886
1148 283 1400 329 —147—

478 414 723 460 Hactenus
764 414 967 459 Plessisii
998 415 1348 468 argumentatio.
1382 414 1518 459 Putat
1549 415 1686 468 igitur
1733 415 1977 460 Plessisius
2023 430 2190 461 versus

477 509 594 555 5—8
640 511 701 555 de
748 525 909 554 amore
955 509 1119 554 vilium
1165 510 1317 562 loqui3
1366 509 1712 555 Rothsteinium
1759 525 1951 563 quoque
1983 511 2190 556 iudicare

478 605 775 659 Propertium
807 604 1028 650 infamem
1060 604 1239 649 traduci
1265 613 1457 658 propter
1486 605 1808 650 libertinarum
1826 620 2035 650 amorem
2054 607 2192 650 docet

477 717 563 747 nos
609 700 986 752 commentarius,
1032 700 1080 745 in
1112 715 1208 753 quo
1239 701 1356 745 haec
1386 701 1607 754 legimus:
1640 701 1738 753 „Er
1767 699 1857 760 (sc.
1890 698 2190 758 Propertius)

476 812 605 842 muss
635 796 849 849 zugeben
881 796 987 840 dass
1004 795 1134 840 seine
1150 795 1457 848 angeblichen
1475 795 1777 841 Grundsiitze
1794 797 1842 840 in
1859 795 2191 841 Wirklichkeit

477 907 568 937 nur
598 891 675 936 ein
706 891 952 936 Vorwand
984 890 1103 942 sind,
1135 891 1242 934 dass
1273 904 1324 934 es
1355 905 1447 935 nur
1477 891 1577 935 sein
1602 891 1873 945 Misserfolg
1888 891 1964 936 bei
1983 891 2191 944 Cynthia

477 987 547 1038 ist,
591 987 678 1031 der
719 986 800 1030 ihn
832 986 880 1030 in
912 985 1042 1030 diese
1075 984 1409 1030 Lebensweise
1441 986 1843 1039 hineingetrieben
1876 988 1968 1038 hat,
2015 986 2092 1031 die
2138 1001 2191 1031 er

476 1081 598 1127 eben
630 1080 714 1125 mit
744 1081 953 1126 schonen
985 1079 1183 1124 Worten
1215 1095 1276 1125 zu
1309 1081 1599 1134 verteidigen
1631 1082 1854 1127 versucht
1884 1082 2006 1126 hat”.

475 1174 567 1221 Sed
606 1176 692 1220 hac
726 1174 1004 1219 Rothsteinii
1036 1175 1344 1228 explicatione
1375 1175 1522 1220 verba
1554 1175 1758 1220 Plessisii
1789 1190 1884 1221 non
1917 1176 2189 1221 refutantur.

475 1271 795 1317 Rothsteinius
841 1270 966 1315 enim
1013 1279 1200 1323 poetam
1239 1270 1305 1315 sic
1336 1271 1655 1323 disputantum
1687 1271 1840 1324 fingit:
1874 1271 1950 1324 „Si
1982 1270 2190 1324 Cynthia

474 1366 588 1411 mihi
619 1366 764 1411 facilis
806 1374 941 1418 esset,
985 1375 1137 1411 scorta
1179 1381 1275 1411 non
1316 1381 1594 1419 quaererem
1633 1366 1836 1420 ideoque
1867 1382 1962 1411 non
2006 1367 2190 1411 infamis

473 1476 683 1507 vocarer.
716 1460 830 1506 Non
861 1460 968 1505 dico
1000 1459 1236 1512 Cynthiae
1266 1475 1476 1506 amorem
1509 1476 1586 1506 me
1618 1477 1712 1506 non
1730 1462 1953 1507 infamem
1973 1463 2188 1515 reddere,

473 1557 556 1602 sed
612 1571 777 1602 eorum
830 1571 963 1600 amor
1007 1556 1191 1601 minore
1236 1556 1438 1608 pecunio
1485 1557 1706 1601 constat”.
1753 1557 2015 1603 Parcius
2062 1558 2187 1603 enim

474 1651 582 1697 mit
611 1651 992 1705 geringeren
1025 1648 1323 1708 Kosten¹)
1354 1651 1494 1696 vertit
1526 1651 1787 1697 Rothstein.
1820 1653 1955 1698 Licet
1982 1668 2091 1699 cum
2110 1654 2188 1699 illo

472 1748 720 1793 credamus
742 1755 927 1799 poetam
959 1755 1231 1800 argumenta
1261 1745 1529 1800 imaginaria
1558 1746 1739 1800 afferre,
1772 1756 1864 1792 tam
1896 1757 2056 1802 aperte
2078 1763 2188 1794 eum

472 1843 588 1888 nihil
619 1842 778 1888 dicere
809 1856 904 1887 non
935 1841 1071 1886 facile
1102 1841 1350 1895 quisquam
1383 1841 1496 1886 mihi
1528 1842 1841 1894 persuadebit.

472 1938 675 1984 Accedit
718 1938 846 1991 quod
892 1937 951 1982 ad
998 1937 1119 1981 hanc
1164 1937 1522 1989 explicationem
1578 1938 1898 1983 sustinendam
1942 1938 2188 1984 Rothstein

472 2049 663 2079 versum
695 2031 723 2078 8
755 2033 926 2077 mirum
958 2032 1005 2077 in
1038 2033 1232 2077 modum
1264 2032 1498 2085 explicare
1529 2033 1724 2086 cogitur:
1745 2033 1987 2086 „Properz
2002 2035 2189 2088 leugnet

472 2128 614 2180 nicht,
661 2128 767 2172 dass
809 2128 929 2172 auch
976 2136 1114 2171 unter
1159 2127 1453 2180 giinstigeren
1500 2127 1855 2172 Verhffltnissen
1903 2129 2003 2173 sein
2053 2129 2188 2174 Herz

470 2223 612 2268 leicht
657 2222 955 2267 entziindbar
1000 2221 1100 2266 sein
1145 2222 1326 2274 wiirde,
1357 2222 1448 2267 wie
1480 2237 1533 2266 er
1563 2238 1613 2267 es
1645 2223 1692 2267 in
1725 2224 1812 2268 der
1844 2223 2004 2277 Elegie
2037 2224 2098 2268 11.
2131 2224 2187 2269 22

471 2316 750 2370 geschildert
795 2317 897 2368 hat;
943 2315 1057 2360 aber
1102 2331 1155 2360 er
1200 2317 1366 2361 wiirde
1409 2317 1532 2361 doch
1575 2317 1855 2371 wenigstens
1892 2319 2040 2364 soviel
2074 2319 2189 2364 Halt

474 2411 644 2463 haben,
685 2426 765 2456 um
797 2411 891 2455 den
922 2414 1143 2455 ausseren
1175 2410 1346 2456 Schein
1378 2413 1571 2456 wahren
1602 2428 1664 2457 zu
1695 2413 1931 2458 k6nnen”.
1964 2412 2056 2458 Sed
2088 2415 2188 2466 ipse

476 2506 722 2551 Rothstein
766 2506 1006 2550 contendit
1051 2520 1218 2550 revera
1259 2514 1444 2558 poetam
1478 2505 1733 2558 Cynthiam
1764 2508 1985 2552 ardenter
2015 2523 2186 2561 amare,

474 2601 644 2653 omnia,
691 2616 812 2654 quae
858 2601 1076 2653 loquitur,
1122 2615 1233 2645 eum
1278 2601 1380 2645 veri
1427 2601 1570 2646 animi
1612 2602 1798 2647 habitus
1834 2603 2018 2647 celandi
2049 2618 2188 2648 causa

475 2696 659 2748 dicere;
690 2704 800 2748 ergo
831 2695 870 2739 si
901 2693 1157 2747 Cynthiam
1189 2703 1324 2747 amat,
1357 2696 1627 2740 meretrices
1659 2697 1873 2749 vulgares
1905 2697 2114 2751 despicit.

475 2789 725 2834 Praeterea
784 2803 1005 2834 nomen
1048 2788 1125 2834 hic
1167 2789 1282 2834 lam
1297 2804 1383 2834 am
1430 2790 1589 2835 valere
1635 2806 1731 2835 non
1778 2791 1839 2835 ita
1885 2793 2185 2845 perspicuum

475 2893 557 2928 est.
617 2883 861 2928 Postremo
907 2883 1022 2928 aliae
1069 2892 1176 2927 sunt
1221 2898 1388 2928 causae
1433 2899 1580 2936 quare
1625 2900 1771 2937 parc
1785 2885 1799 2929 i
1814 2901 1845 2930 u
1859 2901 1880 2930 s
1923 2902 2019 2931 non
2066 2888 2186 2932 verti

475 2978 619 3030 possit
663 2977 690 3022 a
750 2977 1046 3022 meilleur
1088 2978 1337 3022 marche
1367 2974 1606 3035 (Plessis),
1654 2980 1760 3024 mit
1805 2980 2184 3034 geringeren

476 3072 709 3117 Kosten
755 3069 1070 3129 (Rothstein),
1111 3087 1226 3125 quas
1259 3072 1470 3125 Bellingii
1517 3074 1675 3118 verbis
1720 3074 1909 3119 afferam
1955 3073 2184 3132 (WklPh,

478 3165 592 3211 1895
637 3181 682 3219 p.
717 3163 882 3223 1174):
914 3165 1212 3218 „Hiergegen
1244 3166 1420 3218 spricht
1450 3175 1629 3212 erstens
1660 3168 1737 3213 die
1770 3168 2046 3222 Erwagung,
2079 3171 2184 3215 dass

475 3261 523 3306 in
569 3262 678 3306 dem
725 3261 1022 3305 Pentameter
1062 3261 1146 3305 des
1177 3260 1260 3305 mit
1306 3277 1381 3314 qu
1395 3276 1498 3306 are
1544 3262 1866 3315 eingeleiteten
1898 3263 2184 3316 Distichons,

393 3390 424 3437 ι)
475 3394 696 3429 Pan-eiu·
733 3401 857 3428 tamen
907 3404 1052 3434 temper
1090 3393 1139 3427 in
1177 3394 1507 3435 zeringerem
1546 3394 1588 3428 M
1604 3406 1721 3429 anne
1760 3395 1964 3437 significare
1991 3396 2069 3436 ipae
2095 3407 2182 3430 con·

482 3465 582 3499 cedit
601 3464 808 3499 Roth-teia.
