2566 3886
1125 242 1392 289 —249—

470 377 710 429 Absurde,
742 385 793 422 ut
823 376 914 421 iam
948 374 1265 428 Hertzbergio
1295 373 1450 418 visum
1483 381 1566 418 est.

469 471 561 518 Sed
587 472 741 525 ipsum
767 471 1050 517 vocabulum
1082 478 1299 523 pastor
1329 483 1423 513 non
1451 467 1591 513 habet
1616 467 1783 512 iustam
1809 467 2183 520 explicationem.

469 567 663 619 Optime
693 566 942 612 lectionem
974 565 1188 610 traditam
1212 573 1451 618 aggressus
1474 571 1543 608 est
1567 562 1830 608 Meuselius
1851 560 2039 620 (Curae
2072 562 2183 608 Pro-

467 671 631 714 pert.p.
654 658 738 719 58)
760 661 893 706 cuius
923 661 1039 705 haec
1071 668 1178 705 sunt
1208 659 1380 704 verba:
1413 673 1598 711 „neque
1622 658 1874 710 descriptio
1899 666 1978 702 aut
2007 658 2182 703 notatio

470 756 776 808 desideratur,
805 771 898 810 qua
928 729 1144 800 Arabmn
1162 769 1334 800 munus
1350 754 1490 799 luisse
1506 762 1745 807 pastorum
1762 753 2018 798 indicetur:
2036 753 2182 798 immo

467 860 653 904 poetam
685 851 891 904 epitheto
923 865 1060 895 usum
1093 865 1196 895 esse
1226 858 1320 894 tam
1352 848 1503 894 inutili
1534 857 1613 893 aut
1641 863 1736 893 non
1763 849 1822 893 ad
1850 863 1950 893 rem
1980 848 2181 894 facient‘e

466 946 735 999 negaverim
779 960 934 998 neque
991 945 1118 989 enim
1162 944 1288 989 aliud
1331 944 1589 998 quidquam
1637 944 1727 988 hoc
1771 945 1876 988 loco
1922 945 2182 997 postulatur

466 1040 554 1084 nisi
586 1049 636 1085 ut
666 1039 823 1084 Arabs
855 1040 954 1092 ipse
985 1054 1176 1092 quoque
1219 1039 1278 1083 ad
1320 1039 1552 1083 luxuriam
1596 1038 1855 1092 augendam
1900 1054 1984 1083 sua
2014 1038 2180 1083 afferre

465 1136 660 1188 dicatur,
702 1135 786 1180 sed
829 1134 944 1188 quid
988 1134 1207 1179 cinnamo
1250 1142 1297 1179 et
1327 1133 1553 1179 odoribus
1584 1148 1837 1179 commune
1868 1149 1977 1179 eum
2010 1134 2179 1179 ovibus

464 1230 619 1276 vaceis
650 1230 839 1283 capellis
853 1228 880 1273 P

465 1325 785 1371 Rothsteinius
827 1326 917 1370 tale
959 1332 1285 1378 argumentum
1329 1332 1604 1377 exspectans
1648 1324 1695 1368 in
1728 1323 1989 1376 appendice
2020 1324 2179 1369 critica

461 1418 533 1478 (p.
566 1418 679 1478 366)
710 1421 826 1465 haec
857 1419 1043 1465 scribit:
1075 1419 1203 1472 „Das
1223 1420 1438 1464 seltsame
1457 1427 1614 1472 pastor
1635 1419 1755 1463 wird
1773 1434 1881 1464 man
1899 1419 2176 1464 schwerlich

461 1515 606 1560 damit
622 1515 838 1560 erklfiren
855 1515 1062 1567 konnen,
1079 1515 1186 1560 dass
1213 1530 1308 1559 von
1340 1514 1609 1560 arabischer
1641 1513 1798 1559 Schaf-
1830 1516 1947 1561 oder
1979 1517 2177 1563 Rinder-

460 1610 603 1654 zucht
634 1610 894 1656 vereinzelt
923 1610 1000 1655 die
1034 1610 1168 1655 Rede
1211 1610 1282 1654 ist.
1332 1609 1460 1654 Eher
1502 1610 1629 1654 kann
1674 1624 1783 1654 man
1827 1610 2063 1657 vielleicht
2100 1628 2177 1657 an-

460 1705 680 1758 nehmen,
718 1706 824 1751 dass
862 1707 949 1751 der
978 1706 1176 1752 Dichter
1206 1706 1299 1750 den
1331 1705 1520 1750 Araber
1550 1705 1636 1749 der
1682 1720 1777 1750 von
1824 1706 1933 1751 dem
1983 1707 2176 1762 Ertrage

462 1800 549 1844 der
587 1800 877 1846 Zimtstaude
909 1801 1018 1854 lebt,
1050 1802 1135 1846 mit
1166 1801 1320 1846 einem
1354 1800 1528 1845 Hirten
1560 1801 1658 1846 und
1690 1801 1768 1846 die
1801 1801 2060 1856 Pflanzung
2092 1803 2175 1848 mit

461 1894 616 1939 seiner
663 1895 831 1940 Herde
872 1896 1169 1949 vergleichen
1216 1896 1355 1940 will”.
1390 1897 1526 1942 Haec
1557 1896 1803 1949 explicatio
1835 1906 1928 1942 tam
1964 1907 2175 1944 contorta

461 1999 544 2043 est,
576 1999 628 2035 ut
658 1991 736 2035 vel
769 1990 931 2036 Persio
965 1991 1103 2035 nimis
1135 1991 1335 2036 obscura
1381 1991 1532 2036 videri
1579 1991 1808 2036 debuerit.
1856 1992 1999 2044 Quod
2047 1994 2172 2039 idem

460 2085 535 2130 vir
580 2086 745 2131 doctus
793 2095 982 2131 annotat
1030 2087 1089 2131 ad
1128 2096 1338 2131 nostrum
1386 2101 1577 2131 versum
1630 2095 1863 2139 pastorem
1911 2103 1938 2133 e
1985 2087 2173 2134 Graeco

459 2195 678 2226 sermone
709 2196 899 2226 versum
931 2196 1034 2227 esse
1066 2181 1243 2237 (pastor
1272 2201 1326 2223 =
1355 2184 1514 2237 νομάς,
1553 2181 1839 2227 Germanice
1857 2203 1909 2225 =
1930 2183 2172 2241 Nomade)

458 2291 518 2320 ex
564 2276 711 2322 nihilo
760 2277 919 2322 fictum
966 2286 1049 2322 est.
1097 2277 1354 2329 Quomodo
1400 2277 1527 2322 enim
1575 2278 1796 2332 intelligat
1846 2279 1950 2331 quis
2003 2295 2170 2326 vocem

459 2379 669 2423 pastor
699 2371 790 2416 hoc
820 2372 925 2417 loco
956 2387 1096 2417 sensu
1128 2381 1221 2417 tam
1254 2372 1439 2418 insolito
1471 2373 1647 2418 dictum
1680 2372 1822 2419 esse?

458 2465 568 2511 Hoc
600 2466 735 2520 igitur
762 2476 954 2519 apparet
977 2467 1260 2513 vocabulum
1291 2477 1508 2521 pastor
1539 2478 1811 2523 corruptum
1836 2485 1952 2515 esse.
1982 2471 2171 2517 Meuse-

455 2560 558 2613 lius,
600 2561 734 2606 cuius
777 2562 924 2607 verba
964 2577 1105 2615 supra
1147 2578 1256 2608 cum
1300 2578 1492 2608 assensu
1537 2564 1796 2617 citavimuS,
1839 2576 2115 2619 praestat
2135 2567 2169 2623 ¹)

455 2655 638 2708 conicit,
670 2657 892 2710 quoniam
924 2666 1028 2710 post
1065 2658 1267 2710 mittit,
1305 2658 1491 2710 venit,
1528 2659 1792 2712 praebet
1822 2670 2039 2715 quartum
2057 2679 2169 2716 quo-

454 2765 548 2802 que
579 2751 779 2797 verbum
810 2762 1060 2805 exspectat.
1094 2753 1218 2798 Mihi
1250 2762 1405 2799 tamen
1437 2769 1602 2799 versus
1624 2755 1885 2809 languidior
1911 2757 2011 2802 fieri
2044 2759 2168 2804 vide-

453 2854 542 2897 tur,
574 2845 612 2890 si
643 2855 859 2899 quartum
891 2847 1092 2892 verbum
1123 2848 1324 2900 additur,
1353 2849 1627 2900 praesertim
1657 2865 1765 2895 cum
1788 2850 1903 2896 illud
1935 2854 2169 2905 praebet

453 2939 672 2985 facillime
709 2941 857 2993 repeti
895 2942 1053 2994 possit.
1093 2942 1343 2988 Praeterea
1379 2960 1489 2989 eum
1520 2960 1629 2990 cum
1663 2946 1979 3001 Hertzbergio
2011 2950 2166 2995 cinna·

453 3049 564 3080 mon
618 3050 664 3080 m
682 3036 808 3080 ulti
867 3037 943 3080 od
963 3051 992 3081 o
1010 3037 1103 3081 ris
1156 3038 1516 3092 coniungentem
1589 3041 1720 3093 sequi
1782 3042 1955 3095 nolim;
2009 3045 2167 3090 omnia

452 3137 607 3173 autem
655 3129 775 3175 bene
821 3132 1096 3183 procedunt,
1143 3132 1180 3176 si
1228 3148 1335 3178 cum
1381 3133 1572 3186 Guyeto
1608 3136 1914 3188 probantibus
1946 3137 2165 3184 Vahleno

453 3222 740 3269 Baehrensio
772 3225 1038 3271 Hartmano
1069 3242 1260 3272 versum
1292 3228 1359 3273 sic
1390 3229 1664 3274 scribimus:

366 3435 397 3482 ¹)
445 3440 546 3475 Ante
570 3452 654 3476 eum
679 3441 753 3476 inm
780 3442 983 3486 Rosaberg:
1008 3443 1133 3479 Jahrb.
1159 3444 1215 3479 Kl.
1242 3445 1304 3479 Ph.
1333 3444 1422 3480 1883
1450 3457 1482 3487 p.
1509 3446 1564 3482 73.
