2566 3886
332 982 404 1028 42.

335 1455 408 1502 43.

336 2407 408 2452 47.

1123 280 1388 328 -157—

464 422 649 459 vestra
691 414 931 466 praebent.
980 413 1186 459 Nostra
1228 423 1417 459 servant
1438 414 1758 460 Rothsteinius
1787 423 1831 459 et
1848 414 2180 464 Phillimorius‚

466 524 669 561 quorum
716 509 792 554 ille
829 518 1043 554 annotat:
1082 509 1158 561 „in
1205 509 1442 553 lumina
1482 517 1699 554 nostra
1729 509 1833 554 sind
1865 509 1942 554 die
1975 510 2182 555 Miinner

465 603 728 656 uberhaupt
771 604 1017 658 gemeint”.
1061 603 1301 656 Absurde,
1344 618 1453 648 cum
1485 603 1757 656 praesertim
1805 604 2064 649 vidistis
2110 613 2182 649 ter

466 699 715 751 repetitum
747 707 980 752 sequatur,
1012 707 1058 743 et
1103 714 1136 743 v
1151 713 1181 744 o
1197 713 1219 743 s
1266 699 1528 751 praecedat.

471 792 568 838 Hic
598 808 789 847 quoque
821 793 918 838 DV
949 808 1117 838 verum
1149 793 1389 846 praebent.

467 982 561 1028 Pro
598 983 752 1028 fusco
784 983 884 1028 sine
915 983 1061 1028 dubio
1091 983 1342 1036 legendum
1374 991 1443 1028 est
1488 983 1696 1028 fuscam
1730 999 1838 1029 cum
1854 985 1909 1030 L.
1928 985 2181 1031 Muellero.

466 1077 514 1123 Si
558 1078 617 1123 iu
631 1093 653 1122 s
666 1093 692 1122 c
702 1092 732 1122 o
775 1078 1042 1130 retineatur,
1073 1077 1273 1131 quisque
1314 1093 1341 1122 c
1354 1092 1381 1122 a
1393 1093 1424 1122 n
1439 1078 1470 1122 d
1484 1093 1513 1123 o
1527 1094 1551 1122 r
1563 1093 1591 1123 e
1621 1079 1847 1132 suppleat,
1868 1095 2009 1125 nemo
2026 1089 2182 1126 tamen

466 1173 696 1225 colore,
728 1181 779 1217 ut
811 1172 1056 1217 Rothstein
1087 1173 1202 1217 vult.
1235 1172 1474 1218 Neutrum
1507 1181 1662 1218 autem
1683 1174 1875 1219 defendi
1892 1183 2056 1227 potest,
2074 1191 2182 1220 cum

466 1267 580 1312 illud
611 1282 777 1320 parum
810 1267 991 1319 Latine,
1022 1268 1113 1312 hoc
1145 1268 1284 1312 nimis
1314 1268 1515 1313 obscure
1547 1268 1740 1313 dicatur.

470 1456 582 1502 Hoc
612 1471 754 1502 versu
787 1455 1127 1510 Neapolitanus
1158 1457 1287 1511 legit:

615 1552 794 1597 vidistis
839 1553 1042 1605 quadam
1088 1549 1156 1610 (lt
1188 1550 1453 1611 quandam)
1484 1553 1663 1607 Argiva
1705 1555 1967 1606 prodire
2011 1556 2182 1610 figura3

468 1647 653 1692 DVFL
682 1656 838 1692 autem
870 1648 1105 1701 eleganter
1135 1647 1368 1693 scribunt:

618 1742 799 1788 vidistis
829 1743 1065 1796 quandam
1098 1742 1277 1796 Argiva
1308 1741 1363 1800 (1.
1381 1742 1637 1802 Argivum)
1683 1746 1996 1798 prodente
2041 1747 2186 1800 figura

468 1838 611 1892 idque
658 1838 717 1883 ab
750 1838 1050 1890 Baehrensio‚
1094 1839 1222 1892 quod
1255 1846 1593 1891 exspectamus,
1626 1840 1673 1884 in
1706 1848 1834 1885 textu
1866 1841 2068 1893 positum
2101 1850 2184 1887 est.

468 1933 685 1986 Solbisky
727 1948 918 1987 quoque
963 1931 1051 1992 (de
1082 1933 1342 1979 Codicibus
1374 1934 1691 1987 Propertianis
1722 1950 1767 1987 p.
1802 1934 1912 1994 177)
1944 1937 2105 1982 scribit
2135 1952 2186 1982 se

468 2028 556 2073 sibi
587 2029 871 2081 persuadere
903 2029 1100 2082 nequire
1138 2030 1411 2081 prodente
1448 2045 1475 2074 e
1505 2030 1658 2075 forma
1689 2030 1929 2076 notissima
1958 2032 2184 2084 prodire

468 2131 740 2176 corruptum
787 2138 903 2168 esse.
937 2123 1051 2177 Ego,
1082 2123 1163 2168 ubi
1194 2133 1392 2177 utraque
1424 2124 1561 2169 lectio
1599 2125 1788 2170 defendi
1832 2134 1996 2179 potest,
2043 2127 2185 2172 tutius

469 2217 622 2263 habeo
653 2217 1019 2271 Neapolitanum
1051 2219 1223 2264 ducem
1255 2219 1401 2273 sequi.

470 2406 681 2453 offendit
725 2409 991 2461 complures
1037 2408 1164 2453 viros
1208 2410 1384 2461 doctos,
1415 2410 1544 2463 quod
1587 2411 1678 2455 hoc
1721 2425 1862 2455 versu
1905 2411 2185 2463 pronomine

470 2503 705 2547 secundae
747 2517 975 2555 personae
1015 2503 1256 2557 singularis
1298 2513 1435 2556 poeta
1465 2505 1622 2558 utitur,
1655 2520 1762 2551 cum
1795 2506 2185 2558 praecedentibus

470 2597 685 2642 versibus
716 2613 967 2643 numerum
998 2599 1226 2651 pluralem
1257 2599 1536 2644 adhibuerit.

471 2691 541 2736 Ut
588 2691 698 2737 huic
749 2692 1050 2737 incommodo
1096 2692 1369 2738 subveniret
1415 2694 1728 2740 Marklandus
1774 2695 1926 2740 meis
1972 2695 2185 2748 coniecit,

472 2786 600 2840 quod
630 2795 787 2831 tamen
818 2786 867 2831 in
898 2788 1126 2832 sententia
1147 2788 1333 2840 quaein
1350 2789 1624 2834 universum
1642 2790 1969 2841 pronuntiatur
1985 2790 2186 2842 probare

475 2895 571 2925 non
602 2895 807 2934 possum,
839 2896 994 2935 neque
1010 2882 1238 2935 persuasit
1254 2883 1368 2927 mihi
1387 2882 1740 2942 Housmanusl)
1756 2899 1898 2937 quem
1914 2884 1963 2928 in
1980 2884 2186 2928 editione

478 2973 592 3019 1894
623 2983 810 3020 secutus
840 2984 910 3020 est
940 2976 1198 3029 Postgatius
1228 2977 1351 3022 inter
1380 2993 1572 3023 versum
1604 2978 1662 3023 46
1693 2987 1739 3024 et
1769 2978 1826 3023 47
1852 2980 2066 3024 lacunam
2083 2993 2185 3023 esse

476 3069 782 3132 statuendam.
799 3069 927 3115 Nam
944 3070 1175 3116 distichon
1194 3071 1265 3116 47.
1283 3071 1339 3117 48
1356 3074 1525 3118 eodem
1540 3075 1683 3119 modo
1694 3074 1750 3119 iis
1763 3089 1884 3127 quae
1898 3075 2186 3126 praecedunt

477 3163 739 3208 adnectitur
768 3172 907 3217 atque
938 3180 1104 3210 versus
1134 3165 1207 3211 29.
1239 3165 1296 3211 30
1327 3167 1490 3212 tertiae
1520 3168 1693 3221 elegiae
1724 3168 1829 3212 libri
1861 3168 2026 3221 primi:

396 3318 425 3363 ¹)
475 3321 563 3355 JPh.
588 3321 693 3362 xvl,
719 3332 752 3361 p.
779 3321 819 3355 7:
844 3323 1003 3362 exempli
1029 3323 1145 3365 gratia
1170 3324 1333 3364 supplett

771 3393 859 3433 quin
884 3400 923 3427 tu
947 3394 1130 3436 vulgares,
1155 3396 1319 3436 demens,
1345 3395 1552 3435 compescis
1577 3406 1724 3430 amores

913 3465 950 3498 in
976 3476 1202 3507 poenamque
1227 3472 1341 3508 vagu·
1366 3467 1505 3501 desinis
1530 3478 1611 3501 esne
1637 3474 1748 3501 tuam.
