2566 3886
1144 266 1382 312 -54-

465 397 593 442 salva
622 397 778 450 lingua
809 396 901 442 dici
933 411 1102 450 posse;
1134 397 1249 442 mihi
1280 406 1436 443 tamen
1468 413 1743 452 persuasum
1775 407 1844 444 est
1874 399 2038 445 Volsci
2059 415 2184 445 com-

470 501 681 537 mentum
734 507 930 545 prona
978 492 1117 537 unice
1167 508 1334 537 verum
1383 508 1500 538 esse.
1547 492 1595 538 Si
1642 493 1769 538 enim
1816 494 1995 548 singula
2039 495 2187 540 verba

470 587 731 632 accuratius
778 587 1129 640 perpendimus,
1177 587 1395 632 videmus
1441 589 1531 633 hoc
1578 589 1683 633 loco
1714 588 1926 634 adhiberi
1959 589 2190 635 adiectiva

470 682 606 727 nobis
652 682 885 727 molestias
932 682 1103 736 quibus
1151 691 1329 727 amator
1370 682 1601 728 obnoxius
1633 691 1702 728 est
1732 684 1856 728 clare
1888 692 1995 729 ante
2026 685 2188 730 oculos

471 777 706 830 ponentia.
731 777 923 822 Plena
954 777 1162 822 sidera
1192 786 1348 822 autem
1381 778 1496 823 nihil
1514 778 1703 831 dicunt;
1736 793 1932 831 prona
1962 794 2079 824 vero
2099 779 2129 824 i.
2146 795 2187 825 e.

473 872 760 917 cadentia
788 872 1002 917 sidera
1033 872 1206 917 misero
1237 873 1410 917 amanti
1442 874 1661 918 clamant:
1692 888 1832 925 „mox
1863 874 2117 919 dilucescet
2132 870 2188 932 ¹),

471 982 587 1012 cave
619 982 808 1012 maneas
839 975 946 1012 ante
978 967 1179 1019 ianuam,
1211 967 1415 1012 ludibrio
1446 967 1694 1013 habeberis
1718 983 1745 1012 a
1761 968 2189 1022 praetereuntibus;

473 1062 643 1107 infecta
672 1077 725 1107 re
757 1063 952 1107 domum
983 1061 1114 1107 abire
1145 1062 1365 1115 poteris’'.

474 1158 723 1203 Praeterea
754 1158 1069 1211 comparanda
1099 1166 1168 1203 est
1200 1158 1442 1203 utilissima
1474 1158 1758 1204 Broukhusii
1789 1159 1848 1203 ad
1875 1159 2001 1204 hunc
2032 1160 2188 1205 locum

468 1252 720 1298 annotatio.

338 1442 410 1488 38.
472 1457 594 1496 quae
641 1442 757 1487 solet
788 1442 905 1487 irato
937 1442 1095 1487 dicere
1126 1450 1221 1487 tota
1251 1442 1356 1487 loco

473 1538 549 1584 Sic
591 1537 651 1583 O.
695 1537 1016 1583 Rothsteinius
1057 1552 1144 1590 pro
1175 1545 1305 1582 tota
1335 1552 1443 1582 cum
1477 1537 1710 1582 Beroaldo
1740 1547 1873 1583 tuta
1904 1539 2063 1585 edidit.
2096 1539 2188 1586 Sed

472 1633 573 1679 eius
604 1633 741 1678 lectio
772 1641 866 1677 tam
898 1640 1158 1677 contortam
1183 1632 1350 1685 flagitat
1381 1632 1754 1685 explicationem,
1786 1642 1836 1678 ut
1867 1635 1927 1679 de
1959 1650 2014 1680 ea
2035 1644 2190 1682 tacere

472 1736 687 1782 praestet,
729 1727 1001 1781 praesertim
1046 1742 1155 1772 cum
1197 1726 1364 1771 melior
1403 1726 1541 1771 lectio
1582 1727 1674 1772 iam
1706 1727 1897 1773 inventa
1927 1729 1997 1774 sit.
2029 1729 2192 1776 Credo

472 1823 598 1869 enim
660 1838 747 1876 pro
807 1831 940 1867 toto
987 1822 1241 1867 editionem
1289 1822 1550 1875 Rheginum
1597 1820 1768 1881 (1481)
1812 1832 1940 1869 recte
1986 1825 2191 1871 dedisse:

472 1918 667 1963 turba.
714 1917 925 1962 Turba
969 1917 1145 1970 optime
1190 1916 1360 1962 dicitur
1391 1918 1451 1961 de
1483 1917 1733 1963 iuvenibus
1763 1919 2080 1971 petulantibus
2110 1921 2192 1974 qui

472 2022 610 2059 nocte
652 2028 739 2067 per
783 2013 883 2057 vias
924 2020 1163 2065 vagantur.
1195 2012 1396 2065 Reliqua
1426 2027 1532 2065 pars
1561 2027 1726 2058 versus
1757 2013 1891 2058 facile
1921 2015 2190 2068 restituitur,

472 2109 510 2154 si
563 2107 940 2153 observationem
994 2107 1271 2152 Phillimorii
1320 2107 1368 2151 in
1415 2115 1626 2152 nostrum
1674 2123 1811 2153 usum
1858 2109 2191 2156 convertimus.

473 2204 519 2248 Is
564 2211 721 2248 autem
767 2202 815 2247 in
862 2210 1085 2255 apparatu
1116 2201 1333 2246 editionis
1364 2216 1476 2247 suae
1506 2202 1715 2247 adnotat:
1749 2203 1820 2255 „L
1851 2218 1878 2248 a
1908 2204 2059 2250 littera
2089 2205 2111 2250 1
2142 2205 2191 2251 in

470 2297 635 2343 codice
668 2296 983 2350 Neapolitano
1014 2296 1095 2341 vix
1127 2296 1386 2341 dinoscas'’.
1420 2296 1550 2348 Quid
1582 2296 1757 2350 igitur?

471 2393 654 2438 Versus
671 2392 763 2437 iam
781 2407 921 2437 sanus
953 2400 1035 2444 est,
1069 2391 1107 2436 si
1138 2406 1247 2436 cum
1281 2391 1483 2436 Heinsio
1515 2392 1655 2437 loco
1686 2392 1734 2437 in
1766 2392 1889 2438 ioco
1921 2394 2191 2441 mutamus?

473 2488 587 2533 Non
634 2487 816 2540 opinor,
864 2502 973 2531 nam
1017 2487 1172 2540 lepida
1217 2495 1357 2540 atque
1403 2492 1518 2532 vera
1564 2496 1634 2532 est
1681 2487 1912 2533 Kraffertii
1952 2490 2189 2536 adnotatio

471 2582 711 2642 (Beitrage
758 2597 802 2635 p.
852 2579 963 2640 141)
1010 2582 1283 2634 „Heinsius'
1330 2582 1467 2627 ioco
1505 2580 1615 2640 (ist)
1645 2582 1861 2628 wirklich
1893 2584 1969 2629 ein
1998 2584 2190 2638 iocuS,

472 2679 533 2724 da
578 2677 851 2731 Schimpfen
899 2677 962 2722 im
995 2676 1171 2722 Scherz
1202 2676 1375 2722 keinen
1408 2676 1522 2722 Sinn
1555 2678 1676 2722 hat''.
1709 2678 1822 2723 Dixi
1853 2693 2045 2724 versum
2076 2695 2191 2726 non-

472 2775 586 2819 dum
619 2789 784 2818 sanum
816 2787 933 2824 esse,
966 2773 1048 2817 sed
1080 2773 1217 2826 longe
1248 2771 1380 2817 aliter
1411 2773 1471 2817 de
1501 2772 1688 2818 Heinsii
1721 2773 1914 2819 invento
1948 2774 2190 2828 iudicabis,

471 2869 510 2914 si
526 2868 663 2914 aliam
680 2867 966 2912 lenissimam
989 2866 1330 2912 correctionem
1362 2867 1597 2912 admittes:
1629 2867 1882 2922 ingrato
1913 2884 2000 2922 pro
2031 2870 2189 2923 irato,

469 2964 599 3018 quod
630 2963 797 3008 vitium
828 2962 1014 3015 saepius
1045 2963 1093 3006 in
1125 2962 1216 3007 hoc
1247 2962 1368 3007 libro
1399 2963 1534 3015 redit,
1566 2963 1625 3008 cf.
1660 2963 1696 3015 Ι,
1728 2963 1771 3015 6,
1806 2962 1875 3008 10.
1892 2962 2067 3009 Totum
2084 2980 2187 3010 ver-

473 3074 578 3104 sum
610 3058 748 3112 igitur
778 3057 844 3103 sic
876 3057 1019 3102 edere
1051 3057 1217 3102 velim:

625 3168 747 3206 quae
779 3153 897 3198 solet
927 3153 1171 3206 ingrato
1203 3153 1362 3198 dicere
1393 3153 1531 3199 turba
1562 3153 1699 3199 ioco.

474 3248 533 3293 cf.
552 3247 647 3293 Ov.
665 3248 790 3293 Fast.
825 3247 911 3300 III,
943 3246 1050 3293 738:
1082 3263 1178 3293 non
1211 3247 1352 3293 habet
1383 3248 1629 3302 ingratos
1659 3248 1817 3294 fabula
1832 3258 1992 3294 nostra
2022 3249 2188 3301 iocos,

388 3456 414 3504 ¹)
464 3459 682 3496 Macrobius
708 3454 788 3495 Sat.
813 3453 841 3501 1,
867 3458 905 3493 3:
933 3458 1136 3502 primum
1164 3465 1352 3501 tempu·
1379 3458 1478 3496 diei
1506 3458 1643 3495 dicitur
1670 3458 1812 3495 mediae
1837 3466 1967 3495 noctes
1986 3458 2188 3495 inclinatio.
