2566 3886
311 1159 382 1204 33.

312 1351 383 1396 35.

313 1542 384 1587 37.

314 1734 385 1779 39.

1102 267 1370 313 ..186-

440 397 610 450 placen
627 397 951 451 unusquisque
967 397 1094 443 enim
1111 398 1202 443 hoc
1219 399 1324 443 loco
1341 399 1401 443 de
1418 413 1537 444 voce
1565 400 1596 444 d
1608 414 1635 444 e
1652 414 1678 444 c
1691 414 1715 443 r
1728 414 1755 444 e
1769 408 1786 444 t
1799 415 1830 445 u
1844 415 1891 444 m
1926 400 2156 453 cogitabit.

444 491 650 537 Santenii
681 491 951 536 coniectura
981 500 1040 537 et
1070 492 1206 537 sine
1238 493 1556 539 dedecore
1589 503 1682 539 est
1712 494 1860 539 viva
1890 496 2156 540 reducta

444 588 474 631 d
489 602 518 632 o
532 603 578 631 m
594 603 624 632 u
639 602 686 631 m
723 601 845 640 quae
875 587 1105 640 optimum
1142 602 1331 632 sensum
1364 588 1558 640 praebet
1589 604 1616 634 a
1647 589 1803 634 multis
1835 589 1973 634 nimis
2004 591 2157 635 audax

442 683 653 735 habetur,
686 683 769 728 sed
802 684 891 728 hoc
923 683 1279 728 incommodum
1313 684 1426 728 mihi
1444 684 1736 730 levissimum
1753 685 1965 730 videtur:
1994 700 2102 730 nam
2121 685 2158 730 si

441 777 641 831 primam
658 777 875 822 vocabuli
892 778 1117 830 syllabam
1140 778 1206 823 de
1238 777 1543 837 ἁπλογραφίᾳ
1563 780 1785 825 omissam
1803 795 1907 825 esse
1923 788 2156 832 putamus,

445 873 493 918 id
523 874 650 927 quod
683 882 895 926 superest
926 874 957 918 d
971 889 999 919 e
1012 889 1038 918 c
1052 889 1081 919 o
1095 890 1119 919 r
1130 890 1157 919 e
1171 890 1192 919 s
1203 884 1220 919 t
1251 875 1299 919 in
1331 876 1362 920 d
1375 891 1402 921 e
1416 891 1441 921 c
1455 892 1479 921 r
1492 892 1519 921 e
1531 885 1549 921 t
1562 892 1591 922 o
1621 885 1895 930 corruptum
1931 891 2034 922 esse
2063 892 2159 922 non

444 969 507 1013 ita
537 970 690 1014 audax
721 977 791 1014 est
820 969 1105 1014 coniectura.

444 1160 543 1212 ipsa
574 1160 741 1205 Venus
772 1160 920 1205 fertur
949 1170 1171 1213 corrupta
1201 1162 1396 1207 libidine
1429 1163 1613 1215 MartiS,

564 1271 653 1301 nec
685 1255 840 1300 minus
871 1256 920 1300 in
951 1257 1081 1301 caelo
1113 1272 1300 1310 semper
1331 1258 1526 1303 honesta
1556 1258 1661 1303 fuit.

445 1351 661 1405 quamvis
694 1351 778 1395 Ida
809 1351 967 1395 Parim
1000 1360 1233 1404 pastorem
1266 1353 1390 1397 dicat
1420 1368 1599 1398 amasse

565 1455 705 1500 atque
736 1446 858 1491 inter
888 1447 1096 1499 pecudes
1126 1447 1400 1493 accubuisse
1432 1449 1583 1501 deam,

446 1543 537 1587 hoe
568 1551 614 1587 et
647 1542 1038 1594 Hamadryadum
1070 1543 1296 1595 spectavit
1326 1543 1462 1588 turba
1493 1559 1707 1590 sororum

566 1637 816 1692 Selenique
848 1652 985 1682 senes
1016 1646 1063 1682 et
1093 1646 1225 1691 pater
1256 1638 1355 1691 ipse
1387 1639 1541 1691 ehori3

447 1749 555 1779 cum
587 1733 759 1788 quibus
791 1733 934 1778 Idaeo
964 1733 1111 1786 legisti
1143 1748 1284 1785 poma
1314 1734 1402 1778 sub
1432 1743 1581 1787 antro,

565 1829 802 1882 supposita
833 1829 1073 1882 excipiens
1105 1827 1258 1873 Naica
1287 1829 1413 1874 dona
1443 1845 1600 1875 manu.

446 1925 605 1970 Versu
667 1923 724 1969 33
785 1939 880 1969 non
942 1939 1051 1968 cum
1114 1923 1430 1977 Neapolitano
1501 1925 1741 1978 fertur,
1814 1926 1898 1970 sed
1954 1940 2063 1970 cum
2119 1924 2165 1970 Ο

448 2020 753 2074 quamvis
799 2036 902 2066 esse
947 2021 1198 2074 legendum
1244 2021 1337 2065 iam
1385 2020 1622 2073 Hauptius
1663 2018 1868 2078 (opusc.
1911 2020 1973 2064 ΙΙ.
2005 2035 2050 2073 p.
2082 2017 2167 2077 60)

448 2117 800 2168 demonstravit,
832 2117 914 2170 qui
944 2125 1137 2170 propter
1167 2115 1389 2161 orationis
1421 2116 1624 2168 schema,
1656 2116 1732 2160 cui
1764 2130 1938 2160 nomen
1970 2123 2039 2160 est
2070 2115 2166 2158 ἀπὸ

447 2217 629 2263 κοινοῦ,
661 2226 826 2264 parum
859 2211 1147 2256 intellectum
1178 2210 1508 2262 interpolatum
1540 2225 1643 2255 esse
1674 2210 1789 2255 illud
1830 2210 2028 2254 fertur
2064 2210 2166 2255 iure

449 2306 713 2359 contendit3
744 2307 801 2351 ci.
844 2306 982 2351 etiam
1025 2306 1193 2351 Muell.
1225 2306 1368 2358 praef.
1401 2321 1444 2358 p.
1477 2305 1575 2350 VII
1607 2313 1653 2350 et
1683 2305 1886 2357 Vahlen,
1919 2305 2056 2350 Mon.
2088 2305 2166 2349 Pr.

450 2402 512 2447 A.
561 2401 690 2454 1881,
736 2417 781 2454 p.
829 2400 930 2453 357,
978 2401 1242 2453 Housman,
1283 2400 1401 2446 JPh.
1433 2400 1570 2452 XXI,
1602 2415 1646 2452 p.
1682 2399 1792 2452 152;
1825 2399 2053 2453 Postgate,
2086 2399 2166 2445 On

450 2497 625 2543 certain
672 2496 992 2549 Manuscripts
1023 2496 1072 2540 01
1103 2495 1181 2540 Pr.
1213 2510 1258 2548 p.
1290 2494 1361 2540 68.
1394 2495 1712 2540 Phillimorius
1744 2503 1899 2539 tamen
1945 2495 1971 2539 f
1980 2503 2127 2540 ertu
2144 2510 2168 2540 r

450 2602 619 2645 servat,
657 2608 765 2637 cum
797 2600 1046 2645 sequentes
1077 2605 1242 2635 versus
1274 2605 1369 2635 non
1402 2591 1493 2634 iam
1526 2591 1586 2635 de
1616 2590 1809 2635 Venere
1841 2599 1977 2643 agere
1994 2590 2167 2643 credat,

450 2689 533 2733 sed
555 2689 616 2732 de
640 2687 842 2733 Oenona
858 2686 1015 2731 Parim
1029 2694 1136 2730 ante
1154 2685 1370 2730 Helenae
1387 2686 1642 2730 adventum
1659 2694 1858 2730 amante.
1876 2685 2168 2730 Phillimorio

450 2784 588 2837 igitur
618 2782 656 2827 si
687 2781 939 2833 credimus,
969 2780 1081 2826 inde
1112 2796 1140 2825 a
1169 2795 1311 2825 versu
1343 2779 1400 2825 35
1432 2795 1557 2825 nova
1587 2780 1749 2832 incipit
1779 2779 2021 2825 sententia.

452 2879 633 2925 Contra
663 2893 804 2932 quam
836 2876 1108 2930 opinionem
1141 2877 1262 2921 duae
1293 2890 1369 2920 res
1400 2884 1629 2929 pugnant:
1661 2876 1865 2928 primum
1883 2875 1948 2920 sie
1966 2874 2169 2920 Oenone

452 2990 532 3027 ny
549 2990 596 3019 m
613 2975 736 3027 pha
793 2988 888 3017 non
935 2980 1062 3017 reete
1109 2972 1139 3016 d
1157 2986 1227 3016 ea
1272 2971 1504 3016 nominari
1550 2971 1751 3023 videtur,
1798 2971 1882 3016 sed
1928 2978 2170 3023 praeterea

452 3070 501 3114 id
559 3069 688 3123 quod
745 3068 945 3122 gravius,
992 3081 1157 3111 versus
1203 3065 1259 3110 35
1306 3075 1649 3120 sequentesque
1696 3081 1723 3111 a
1767 3065 1924 3118 priore
1970 3064 2169 3110 disticho

452 3164 650 3218 separati
696 3162 973 3209 sententiam
1017 3161 1244 3215 praebent
1286 3161 1506 3213 ineptam,
1545 3169 1596 3206 ut
1626 3176 1686 3206 ex
1715 3160 1860 3214 ipsius
1892 3158 2169 3204 Phillimorii

453 3259 673 3304 versione
689 3259 853 3303 videre
869 3257 1159 3310 potes:,‚1da
1190 3272 1298 3309 may
1328 3257 1407 3302 tell
1439 3257 1549 3301 how
1579 3271 1606 3300 a
1636 3256 1835 3310 goddess
1865 3254 2006 3299 loved
2037 3252 2169 3298 Paris

454 3356 564 3400 who
594 3369 691 3399 was
722 3354 806 3399 but
835 3369 863 3398 a
893 3353 1144 3405 shepherd,
1175 3353 1268 3397 and
1298 3353 1375 3404 lay
1405 3352 1548 3396 down
1579 3350 1742 3396 beside
1770 3350 1867 3395 him
1899 3357 2068 3401 among
2097 3347 2169 3392 his

454 3451 621 3502 beasts,
667 3450 751 3495 but
795 3450 881 3494 her
925 3449 1060 3493 sister
1106 3447 1439 3499 Hamadryads
1468 3461 1597 3490 were
1628 3446 1760 3490 there
1790 3453 1839 3489 to
1869 3459 1962 3495 see,
1993 3443 2086 3488 and
2117 3457 2170 3487 so
