2566 3886
323 1165 392 1210 17.

314 2790 385 2836 20.

314 3179 385 3224 21.

1116 274 1383 320 -236-

454 412 633 449 tantum
679 403 812 456 spatii
858 400 963 461 (vv.
996 403 1158 456 9-10,
1192 403 1394 463 15—16)
1424 419 1702 450 concessum
1738 413 1821 458 est,
1854 414 1902 451 et
1935 407 2063 460 quod
2095 407 2172 452 illa

456 498 653 543 disticha
683 507 948 552 separatum
980 498 1155 543 habent
1185 500 1388 545 locum.''

456 594 707 639 Praeterea
762 595 974 639 attendas
1019 594 1177 647 velim,
1229 595 1401 648 quibus
1447 596 1606 641 verbis
1652 596 1882 642 sententia
1928 595 2173 651 „Juppiter

453 689 705 734 Phidiacus
737 698 900 734 ornate
931 704 990 734 ex
1022 689 1166 735 ebore
1197 690 1347 735 factus
1379 692 1477 736 est”
1510 691 1805 743 enuntietur;
1824 699 2170 743 pentametrum

453 793 610 829 autem
643 799 811 829 versus
843 785 1113 830 duodecimi
1147 801 1325 831 meram
1358 786 1664 832 imitationem
1682 801 1785 831 esse
1802 794 1938 831 acute
1953 785 2174 831 observat

454 879 581 924 idem
636 879 710 924 vir
762 880 941 925 doctus.
991 880 1304 933 BurmannuS‚
1355 881 1435 935 qui
1482 896 1569 934 pro
1616 881 1871 926 vindicat
1917 881 2173 926 venditat

453 974 574 1028 legit,
607 975 760 1029 ipsum
794 975 1174 1028 interpolatorem
1207 976 1441 1022 emendat.

454 1174 523 1211 est
555 1165 727 1219 quibus
760 1166 903 1211 Eleae
934 1166 1173 1211 concurrit
1203 1166 1357 1220 palma
1387 1167 1654 1221 quadrigae,

513 1270 583 1306 est
614 1261 785 1315 quibus
817 1261 865 1306 in
897 1262 1075 1307 celeres
1106 1261 1250 1315 gloria
1281 1271 1388 1307 nata
1418 1263 1578 1317 pedes.

458 1356 801 1411 Hertzbergius
833 1366 998 1410 poetae
1030 1357 1177 1403 verba
1207 1357 1273 1403 sic
1305 1357 1542 1412 intelligit:
1576 1359 1760 1411 „palma
1790 1358 1989 1412 aurigae,
2021 1358 2173 1411 inquit

451 1452 606 1498 acrius
653 1452 818 1498 nitenti
865 1453 1088 1499 advolare
1134 1468 1162 1498 a
1208 1462 1333 1498 meta
1375 1461 1422 1498 et
1451 1453 1641 1498 obviam
1674 1469 1958 1500 concurrere
1990 1454 2172 1508 egregie

452 1547 682 1602 fingitur”;
716 1547 1037 1594 Rothsteinius
1068 1549 1394 1594 hexametrum
1418 1548 1539 1602 legit,
1556 1557 1608 1594 ut
1623 1550 1775 1594 codex
1791 1549 1865 1594 V:
1887 1558 1985 1602 „est
2001 1549 2172 1603 quibus

453 1643 595 1689 Eleae
612 1653 902 1690 concurrunt
921 1645 1077 1697 palma
1098 1645 1396 1698 quadrigae”,
1418 1645 1547 1698 quod
1570 1644 1637 1689 sic
1653 1644 1879 1697 explicat:
1904 1652 2003 1696 „est
2018 1645 2172 1696 palma

454 1739 508 1785 iis
526 1739 754 1785 destinata
770 1740 941 1794 quibus
958 1740 1210 1794 quadrigae
1229 1740 1372 1786 Eleae
1389 1741 1732 1793 concurrunt”;
1754 1740 1928 1785 deinde
1944 1739 2173 1785 sententia

452 1835 732 1888 pentametri
782 1836 899 1880 haec
946 1843 1039 1880 est:
1090 1843 1190 1887 „est
1235 1835 1374 1880 etiam
1422 1836 1578 1888 palma
1607 1835 1662 1881 iis
1693 1835 1935 1887 destinata,
1966 1850 2170 1888 quorum

451 1930 595 1984 gloria
626 1945 710 1975 sua
741 1938 906 1975 natura
937 1930 1000 1975 ita
1029 1939 1297 1984 comparata
1328 1939 1410 1983 est,
1442 1938 1493 1975 ut
1524 1930 1572 1975 in
1589 1933 1766 1984 pedum
1783 1931 1971 1976 laudem
1989 1931 2168 1976 cedat.”

452 2025 545 2071 Sed
591 2035 806 2078 potestne
853 2035 941 2071 est
987 2027 1122 2071 mihi
1167 2027 1347 2080 palma
1392 2028 1521 2072 salva
1551 2027 1707 2081 lingua
1744 2026 2002 2080 significare
2034 2027 2168 2072 mihi

451 2123 636 2174 palma
667 2121 933 2166 distinata
963 2120 1083 2166 est?
1115 2121 1230 2166 Non
1262 2121 1444 2175 opinor.
1478 2121 1666 2167 Deinde
1698 2122 1746 2166 in
1780 2120 2059 2167 Rothsteinii
2091 2136 2168 2167 ex-

451 2218 699 2271 plicatione
731 2218 932 2263 verbum
965 2226 1046 2263 est
1080 2217 1272 2262 nimiam
1304 2219 1509 2274 ἔμφασιν
1539 2217 1693 2262 habet.

451 2313 576 2359 Mihi
623 2314 807 2366 vulgata
852 2322 980 2358 recte
1026 2328 1076 2357 se
1123 2312 1298 2358 habere
1330 2313 1530 2365 videtur,
1563 2313 1706 2358 modo
1738 2328 1846 2358 cum
1879 2311 2069 2357 Barthio
2100 2311 2167 2357 sic

455 2408 844 2461 interpretemur:
876 2416 946 2453 est
976 2407 1148 2478 quibus
1176 2429 1231 2446 =
1261 2409 1384 2450 ἔστιν
1415 2404 1503 2458 οἶς.

449 2502 752 2549 Concurrit
784 2511 854 2548 est
884 2503 1052 2548 simul
1084 2503 1277 2555 currit,
1309 2502 1532 2548 nimirum
1565 2502 1700 2547 sicuti
1731 2502 1955 2556 quadriga
1977 2503 2163 2548 illorum

449 2600 607 2651 currit,
639 2599 701 2644 ita
733 2599 944 2652 sequitur
975 2599 1100 2644 illam
1134 2598 1342 2644 victoria.

449 2790 662 2836 Naturae
694 2790 905 2844 sequitur
938 2789 1117 2835 semina
1147 2789 1348 2843 quisque
1379 2804 1516 2841 suae;

449 2887 497 2931 in
529 2885 693 2931 codice
725 2885 775 2931 N
808 2886 1063 2939 sequitur
1099 2900 1158 2930 ex
1196 2885 1503 2930 seminetur
1539 2893 1803 2930 correctum
1841 2893 1930 2937 est;
1968 2884 2162 2930 fortasse

448 2981 584 3035 igitur
614 2996 723 3027 cum
757 2981 1058 3027 Broukhusio
1090 2981 1374 3035 sequimur
1405 2981 1670 3034 legendum.

447 3179 515 3224 At
545 3187 638 3230 tua,
671 3177 941 3229 MaecenaS,
974 3178 1097 3223 vitae
1129 3186 1378 3231 praecepta
1408 3177 1580 3231 recepi.

446 3273 792 3318 Adversativae
838 3272 1157 3318 coniunctioni
1204 3288 1231 3318 a
1246 3282 1264 3317 t
1309 3273 1385 3318 hic
1416 3287 1512 3318 non
1543 3273 1703 3325 locus;
1735 3287 1843 3317 cum
1877 3271 2163 3318 Baehrensio

448 3377 494 3413 et
527 3368 792 3413 Hartmano
824 3367 977 3413 scribe
1009 3368 1040 3413 h
1057 3382 1084 3412 a
1100 3383 1127 3412 e
1145 3383 1184 3413 c.
