2566 3886
1162 274 1428 320 —187—

489 420 617 450 were
639 405 738 449 ⁴the
783 405 862 450 old
910 404 1053 450 Sileni
1099 405 1191 449 and
1239 406 1317 449 the
1363 405 1514 449 father
1559 405 1607 448 ot
1651 405 1749 449 that
1794 418 1922 449 crew
1971 405 2200 450 himself'.

490 499 830 553 Unusquisque
873 500 1003 544 videt
1044 500 1248 545 absurda
1289 500 1405 544 haec
1437 514 1565 544 esse:
1599 499 1933 553 „quamvis
1965 499 2050 544 Ida
2081 499 2204 544 dicat

488 596 625 640 deam
672 604 904 647 pastorem
935 610 1129 647 amasse,
1155 596 1245 640 hoc
1283 603 1555 647 spectavere
1588 594 1993 647 Hamadryades’'.
2027 595 2202 649 Neque

487 690 624 744 igitur
654 691 769 735 haec
800 690 1136 743 interpretandi
1167 690 1284 735 ratio
1315 690 1567 743 quicquam
1599 690 1804 743 prodest.
1837 689 2035 735 Constat
2066 690 2203 743 igitur

487 799 652 829 versus
710 784 767 829 35
810 794 1153 839 sequentesque
1198 800 1306 830 cum
1354 785 1568 830 versibus
1615 784 1686 829 33.
1733 784 1790 829 34
1836 785 2201 838 coniungendos,

486 879 687 924 verbum
736 880 938 925 fertur
983 880 1310 933 interpolatum
1343 894 1472 931 esse;
1504 881 1588 924 sed
1619 879 1831 924 nondum
1865 888 2012 924 totum
2044 880 2200 924 locum

486 974 825 1027 expedivimus,
842 990 1072 1028 nusquam
1104 975 1230 1020 enim
1254 975 1505 1028 quicquam
1523 974 1717 1028 legimus
1734 974 1794 1018 de
1810 974 2002 1019 Venere
2020 974 2201 1018 Paridis

485 1083 646 1113 amore
676 1078 810 1122 capta
839 1078 886 1113 et
915 1069 1017 1114 iure
1049 1084 1134 1114 suo
1167 1069 1404 1121 Hauptius
1436 1067 1641 1127 (Opusc.
1675 1069 1721 1113 II
1754 1084 1798 1121 p.
1821 1068 1878 1113 52
1903 1066 1999 1126 sq.)
2016 1069 2201 1122 negavit

485 1164 575 1208 hoc
617 1164 722 1208 loco
762 1164 823 1208 de
864 1179 1026 1208 amore
1068 1164 1272 1209 Veneris
1305 1163 1582 1218 Paridisque
1614 1179 1881 1216 sermonem
1914 1179 2016 1208 esse
2048 1179 2199 1216 posse.

486 1258 753 1309 Quemnam
785 1274 871 1312 pro
902 1258 1072 1303 Paride
1103 1259 1395 1304 nominatum
1427 1259 1503 1303 hic
1534 1267 1806 1311 exspectare
1838 1259 2108 1311 debeamus,
2140 1274 2200 1303 ex

484 1352 699 1398 versibus
739 1352 809 1397 37.
854 1352 911 1398 38
952 1368 1178 1407 apparere
1208 1363 1336 1398 recte
1367 1354 1585 1398 observat
1617 1353 1691 1398 vir
1721 1355 1886 1399 doctus
1919 1353 2199 1399 Kiihlewein

484 1445 755 1505 (Festgruss
787 1448 1100 1501 Heerwagen,
1132 1463 1176 1501 p.
1194 1445 1289 1506 10),
1306 1449 1386 1502 qui
1402 1449 1600 1494 confert:
1619 1448 1803 1500 Hymni
1819 1448 1867 1493 in
1884 1448 2201 1502 Aphroditem

484 1558 648 1588 versus
691 1543 880 1597 257sqq.
924 1559 951 1588 a
999 1543 1293 1588 Rothsteinio
1336 1559 1526 1598 quoque
1558 1544 1733 1588 citatos.
1765 1543 2026 1588 Videamus
2058 1559 2198 1595 nunc,

485 1639 655 1693 quibus
685 1640 966 1685 coniecturis
996 1640 1085 1685 viri
1118 1640 1241 1685 docti
1273 1641 1428 1685 locum
1460 1640 1701 1685 emendari
1733 1640 1886 1685 conati
1917 1640 2021 1684 sint.

485 1733 747 1780 Schaderus
756 1750 842 1787 pro
856 1735 928 1780 Pa
936 1736 979 1780 ri
989 1751 1036 1780 m
1054 1735 1236 1788 scripsit
1252 1735 1289 1780 P
1297 1736 1328 1780 h
1337 1751 1397 1788 ry
1406 1745 1466 1789 ge
1476 1751 1538 1788 m,
1555 1736 1682 1788 quod
1691 1735 1856 1788 recipit
1864 1734 2199 1787 Rothsteiniu8‚

485 1830 568 1874 sed
584 1830 675 1875 hoc
705 1830 1003 1883 adiectivum‚
1034 1846 1143 1875 cum
1174 1831 1266 1875 iam
1299 1831 1383 1876 Ida
1414 1831 1695 1883 nominetur,
1727 1845 2071 1883 supervacuum
2103 1839 2199 1882 est;

484 1932 726 1977 praeterea
756 1925 894 1970 nimis
930 1926 1066 1979 longe
1105 1926 1240 1971 distat
1285 1942 1313 1971 a
1358 1926 1520 1971 litteris
1567 1926 1744 1971 traditis
1790 1927 1919 1980 quod
1965 1926 2104 1970 etiam
2137 1925 2197 1970 de

483 2018 783 2064 Valckenarii
830 2021 1099 2066 coniectura
1160 2022 1348 2067 boum
1409 2038 1440 2075 p
1462 2030 1753 2066 astorem
1815 2021 1965 2073 valet3
2014 2020 2196 2074 Ungeri

484 2114 728 2160 inventum
775 2117 1075 2170 quamvis
1121 2126 1182 2162 te
1229 2117 1356 2169 Ida,
1403 2132 1661 2170 parens,
1708 2132 1803 2162 non
1851 2117 2036 2169 placere
2085 2115 2198 2160 dicit

483 2208 733 2262 Hauptius,
750 2212 877 2264 quod
895 2214 1172 2269 ἀποστροφή
1195 2212 1272 2256 hic
1294 2227 1389 2256 non
1421 2220 1527 2264 apta
1557 2212 1627 2256 sit.
1661 2212 1804 2263 Quod
1833 2212 1932 2264 ipse
1954 2210 2197 2264 proposuit

484 2320 516 2358 p
532 2305 589 2348 al
606 2320 633 2349 a
648 2320 695 2349 m
724 2321 810 2358 pro
828 2306 984 2350 Parim
1000 2307 1400 2360 languidissimum
1418 2322 1858 2360 supervacuumque
1875 2315 1957 2358 est,
1974 2305 2196 2360 quoniam

485 2399 724 2444 notionem
743 2401 874 2445 vocis
905 2416 936 2453 p
952 2417 980 2446 a
996 2402 1010 2446 1
1027 2417 1053 2446 a
1070 2417 1116 2446 m
1133 2402 1225 2446 iam
1242 2402 1524 2454 exprimunt,
1542 2411 1592 2447 ut
1608 2402 1670 2447 ait
1687 2402 2013 2454 Baehrensius,
2030 2416 2197 2446 versus

485 2493 555 2539 37.
575 2493 647 2539 38.
665 2495 741 2540 De
757 2495 962 2541 Vahleni
993 2497 1187 2542 invento
1218 2497 1392 2550 prius
1423 2495 1517 2555 (Ξ
1547 2495 1694 2555 einst)
1725 2513 1811 2550 pro
1844 2497 2025 2542 Parim
2057 2495 2196 2555 (mon

485 2588 562 2633 Pr.
574 2588 876 2648 1881‚p.357)
887 2591 1045 2636 dicere
1061 2594 1361 2645 supersedeo,
1378 2593 1599 2646 quoniam
1616 2593 1717 2645 ipse
1734 2592 1911 2645 sprevit
1926 2592 1974 2637 in
1992 2592 2197 2637 editione

484 2683 659 2737 quinta,
690 2685 922 2730 vocabulo
944 2686 982 2731 P
999 2702 1027 2731 a
1043 2702 1067 2730 r
1082 2687 1096 2731 i
1114 2702 1161 2731 m
1178 2702 1320 2732 cruce
1336 2687 1559 2740 apposita.
1578 2687 1932 2732 Kuhleweinius
1950 2688 2040 2739 (1.1.)
2058 2687 2196 2732 nimis

485 2780 707 2824 andacter
736 2780 890 2833 legere
921 2782 1046 2825 vult:

603 2889 887 2928 quamquam
920 2876 1060 2920 Idaea
1090 2892 1260 2929 parens
1291 2886 1525 2929 pastorem
1557 2877 1668 2922 dicit
1699 2892 1892 2922 amasse.

486 2968 671 3014 Ceteris
702 2970 844 3023 magis
875 2971 1027 3023 placet
1058 2971 1330 3016 Baehrensii
1361 2972 1655 3017 coniectura:

604 3064 819 3117 quamvis
862 3064 947 3109 Ida
977 3080 1114 3109 suum
1145 3074 1379 3117 pastorem
1411 3066 1534 3110 dicat
1564 3081 1757 3118 amasse,

485 3173 626 3211 quam
657 3166 813 3203 tamen
844 3159 892 3203 in
920 3168 1098 3204 textum
1130 3160 1341 3212 recipere
1372 3161 1533 3212 nolim,
1550 3160 1611 3205 ob
1629 3162 1832 3206 eandum
1850 3177 2036 3207 causam
2053 3178 2194 3217 quam

485 3253 730 3298 Vahlenus
747 3262 908 3298 contra
926 3254 1126 3307 Hauptiiss
1154 3255 1494 3300 correctionem
1526 3256 1683 3308 affert3
1716 3256 1754 3300 is
1777 3256 1918 3309 enim,
1948 3266 2194 3311 postquam

487 3347 760 3392 Baehrensii
778 3348 925 3393 verba
941 3364 1081 3403 supra
1098 3349 1234 3394 citata
1249 3365 1332 3394 sua
1348 3350 1470 3402 fecit,
1485 3351 1602 3395 haec
1618 3351 1771 3396 addit:
1790 3351 1895 3404 „ich
1911 3352 2017 3406 fiige
2033 3353 2194 3405 hinzu,

488 3443 570 3486 das
601 3444 776 3494 palam
805 3444 888 3488 das
905 3443 1138 3496 Gewicht‚
1155 3445 1359 3490 welches
1374 3454 1608 3499 pastorem
1625 3446 1779 3491 haben
1795 3447 1890 3499 foll,
1907 3448 2022 3492 eher
2038 3448 2194 3493 becin-
