2566 3886
1140 272 1375 319 „80—

349 403 420 450 21.
439 404 509 449 22.
542 413 588 449 et
619 419 703 450 sua
733 420 841 450 cum
873 404 1090 457 antiquae
1122 406 1368 451 committit
1399 406 1569 459 scripta
1600 406 1858 460 Corinnae,

350 3075 421 3120 23.

351 3362 423 3406 24.

697 499 905 544 carmina
936 515 1058 553 quae
1091 500 1260 553 quivis,
1293 516 1387 545 non
1421 510 1550 553 putat
1581 516 1731 554 aequa
1762 502 1857 547 suis

485 610 628 648 quae
666 595 881 648 quivis:
907 594 975 647 O;
1009 595 1330 641 Rothsteinius
1363 597 1560 649 supplet:
1593 612 1759 650 quae
1790 598 2019 651 quivis
2065 599 2203 644 suis

483 705 693 744 aequa
724 699 927 744 putat,
961 690 1082 734 illa
1113 705 1238 735 non
1271 691 1411 736 suis
1442 707 1648 745 aequa
1679 701 1881 745 putat.

486 786 622 831 Haec
659 786 905 838 explicatio
937 785 1051 830 mihi
1083 786 1429 839 languidissima
1459 787 1661 839 videtur,
1693 802 1802 832 nam
1835 803 1929 832 non
1962 788 2202 841 miramur,

483 882 612 934 quod
645 880 853 933 Cynthia
882 895 966 926 sua
996 881 1203 926 carmina
1234 881 1427 926 meliora
1458 882 1625 927 habeat
1641 897 1783 935 quam
1810 897 1865 927 ea
1881 897 2002 935 quae
2019 882 2204 936 quivis

485 977 581 1022 suis
611 991 762 1030 aequa
792 985 935 1029 putat.

485 1071 679 1117 Nomen
740 1072 927 1117 celebre
993 1071 1069 1117 hic
1129 1080 1483 1125 exspectamus;
1537 1088 1567 1125 q
1585 1088 1615 1117 u
1633 1072 1647 1116 i
1665 1073 1767 1118 vis
1820 1074 1948 1118 nude
2001 1072 2202 1125 positum

485 1168 764 1220 plerumque
796 1182 904 1212 cum
937 1175 1209 1220 contemptu
1241 1167 1424 1221 dicitur,
1457 1168 1515 1212 cf.
1534 1168 1569 1212 I.
1602 1167 1643 1212 9.
1676 1168 1718 1220 4,
1752 1168 1812 1212 II.
1847 1167 1916 1212 15.
1949 1166 2019 1219 37,
2052 1167 2114 1219 ΙΙ,
2134 1167 2203 1220 16,

487 1262 556 1307 15.
574 1262 704 1314 Quid
727 1272 883 1308 autem
915 1262 1111 1316 legimus
1142 1263 1189 1307 in
1221 1263 1270 1308 V
1301 1261 1470 1321 (manu
1503 1263 1530 1308 2
1562 1260 1814 1318 scriptum)
1842 1262 1975 1315 ley
1993 1263 2203 1316 rines;

481 1358 607 1403 idem
640 1358 908 1403 invenimus
939 1358 987 1402 in
1020 1357 1326 1411 Groningano
1358 1367 1404 1403 et
1435 1358 1483 1403 in
1516 1358 1763 1404 Urbinate.

487 1453 800 1498 Baehrensius
835 1455 918 1499 has
949 1453 1122 1498 litteras
1154 1453 1472 1498 coniecturam
1504 1453 1581 1498 vel
1613 1453 1971 1505 explicationem
2003 1468 2106 1498 esse
2143 1454 2203 1498 ad

484 1563 552 1594 vs.
610 1548 664 1593 21
721 1548 962 1594 Corinnae
1003 1556 1188 1600 censet;
1237 1562 1403 1601 parum
1448 1546 1702 1600 probabilis
1748 1546 1977 1600 suspicio!
2025 1546 2202 1592 Melius

484 1644 705 1690 observat
744 1644 931 1689 Ellisius
978 1643 1161 1700 (AJPh.
1210 1643 1231 1687 I
1263 1658 1308 1696 p.
1341 1641 1463 1699 393):
1497 1642 1568 1695 „It
1598 1642 1636 1687 is
1667 1657 1695 1687 a
1724 1642 1827 1694 fact,
1859 1642 1956 1687 that
1986 1642 2201 1696 readings

485 1749 567 1785 not
614 1740 764 1785 found
817 1739 864 1784 in
913 1740 1043 1784 these
1074 1738 1306 1783 first-class
1354 1738 1487 1790 Mss.,
1524 1737 1739 1791 readings
1770 1746 1862 1790 too,
1893 1737 2051 1783 which
2081 1738 2202 1782 from

483 1836 604 1881 their
634 1837 875 1881 character
905 1842 1076 1879 cannot
1107 1833 1167 1878 be
1199 1834 1446 1886 suspected
1478 1848 1528 1878 as
1559 1834 1758 1878 modern
1790 1833 2090 1886 corrections,
2121 1848 2201 1878 are

483 1940 565 1977 not
596 1931 930 1985 unfrequently
961 1930 1032 1975 far
1063 1945 1232 1975 nearer
1263 1930 1342 1974 the
1374 1930 1502 1974 truth
1534 1930 1645 1974 than
1677 1929 1810 1974 those
1827 1929 1882 1973 of
1894 1928 2027 1981 Mss.,
2043 1928 2200 1974 which

482 2042 532 2071 as
563 2042 591 2071 a
622 2028 778 2072 whole
810 2042 890 2072 are
921 2027 1065 2072 much
1097 2041 1230 2071 more
1261 2025 1497 2070 reliable”.

483 2121 530 2167 Si
561 2123 678 2167 haec
706 2121 865 2167 omnia
880 2121 1128 2166 nobiscum
1145 2129 1432 2173 reputamus,
1449 2120 1676 2173 quidnam
1693 2119 1936 2164 venustius
1953 2118 2202 2172 excogitari

482 2226 633 2270 potest
664 2232 806 2271 quam
838 2217 953 2262 illud
985 2216 1177 2261 Volsci:

605 2313 907 2366 carminaque
940 2312 1179 2357 Erinnes
1211 2326 1306 2356 non
1338 2319 1467 2364 putat
1498 2326 1648 2364 aequa
1679 2311 1787 2355 suis.

483 2408 694 2454 Nomina
739 2408 980 2454 Corinnae
1027 2416 1073 2452 et
1121 2407 1323 2452 Erinnes
1369 2406 1618 2451 coniuncta
1663 2406 1879 2459 leguntur
1908 2405 2055 2449 Anth.
2104 2403 2200 2449 Pal.

470 2504 555 2556 IX,
586 2503 667 2549 26:

638 2597 888 2656 ”Ηρινναν,
925 2597 1190 2642 Τελέσιλλαν
1221 2595 1438 2655 ἀγακλέα,
1471 2598 1553 2639 καὶ
1584 2597 1648 2651 σὲ,
1679 2595 1902 2653 Κόριννα.

484 2693 759 2747 Spernimus
790 2693 927 2747 igitur
958 2694 1275 2738 coniecturas:

483 2790 890 2842 carminaque
921 2787 1258 2842 aequaevis
1289 2783 1560 2844 (Scaliger),

483 2885 758 2930 carmina
789 2899 946 2938 quae
977 2883 1237 2938 quaevis
1269 2880 1356 2940 (A.
1390 2883 1590 2934 Palmer,
1625 2881 1718 2926 Ha.
1751 2880 1778 2925 2
1809 2897 1854 2934 p.
1887 2877 2014 2937 473).

484 3090 579 3120 non
611 3075 695 3120 tibi
726 3075 935 3120 nascenti
966 3089 1063 3127 eqs.

484 3186 599 3216 non
633 3170 704 3223 N;
737 3171 890 3216 scribe
922 3185 1059 3215 num
1092 3184 1201 3214 cum
1236 3168 1292 3213 F.

488 3362 679 3406 ardidus
709 3370 923 3414 argutum
955 3375 1051 3413 eqs.
