2566 3886
1118 258 1356 305 ..70-

442 406 651 444 pescere,
700 406 761 435 ne
808 405 955 442 soror,
999 405 1141 444 quam
1189 391 1310 435 male
1341 405 1417 435 res
1450 390 1678 435 Perusina
1708 399 1834 444 gesta
1864 391 1934 443 sit,
1966 406 2027 436 ex
2057 391 2157 437 eius

443 486 646 531 lacrimis
678 486 887 531 sentiat''.
920 484 1013 530 Sed
1045 500 1238 538 prorsus
1270 500 1365 530 non
1397 485 1614 539 intelligo,
1647 501 1733 531 cur
1764 485 1929 532 Gallus
1956 487 2159 532 amicum

442 590 584 636 roget,
618 590 669 627 ut
699 581 912 626 lacrimas
944 589 1231 634 compescat:
1264 595 1375 625 mox
1403 580 1530 625 enim
1548 581 1699 626 missis
1715 580 1987 634 ambagibus
2002 581 2160 627 audiet

446 676 637 722 Gallum
668 676 877 730 periisse.

444 771 500 816 In
532 771 626 816 fine
657 771 1028 816 commentarioli
1060 771 1281 816 observat
1311 770 1458 815 idem:
1492 771 1642 826 „duae
1673 786 1749 816 res
1771 778 1891 824 sunt,
1909 785 2025 823 quas
2041 771 2161 816 scire

444 881 655 912 sororem
704 864 868 911 Gallus
914 865 1062 919 cupit:
1101 881 1165 918 se,
1197 874 1444 919 postquam
1476 865 1644 910 milites
1677 864 1893 910 Caesaris
1925 866 2160 919 evasisset,

443 962 491 1007 in
523 962 700 1016 ignotas
732 976 898 1006 manus
930 961 1162 1013 incidisse,
1198 969 1296 1006 tum
1328 976 1446 1013 ossa,
1478 976 1539 1005 ne
1570 961 1690 1006 forte
1720 969 1913 1014 quaerat
1929 961 2158 1015 integrum

444 1073 631 1112 corpus,
664 1057 711 1102 in
744 1057 982 1103 montibus
1016 1057 1225 1103 Etruscis
1257 1056 1428 1110 passim
1461 1071 1564 1101 esse
1596 1056 1851 1109 dispersa.’'

444 1152 536 1198 Sed
583 1152 755 1198 sciat
800 1149 872 1209 (v.
907 1150 990 1210 10)
1020 1152 1233 1198 revocari
1266 1167 1361 1197 non
1393 1160 1545 1205 potest
1574 1152 1634 1197 ad
1665 1166 1830 1197 versus
1862 1151 1903 1196 7.
1922 1151 1972 1204 8;
1997 1152 2159 1198 sicum

444 1248 738 1294 Rothsteinio
769 1248 922 1293 credis
954 1248 1240 1300 mandatum,
1271 1249 1399 1302 quod
1416 1248 1631 1293 versibus
1656 1247 1803 1294 7-,-10
1825 1248 2102 1302 continetur,
2134 1264 2162 1294 a

445 1359 564 1389 voce
623 1359 651 1388 a
666 1359 691 1388 c
708 1352 726 1388 t
741 1359 769 1389 a
824 1344 1047 1396 pendere,
1095 1358 1123 1388 e
1169 1351 1297 1388 textu
1343 1343 1512 1388 tradito
1558 1359 1654 1388 non
1700 1353 1892 1397 apparet
1937 1344 1985 1388 id
2031 1345 2159 1398 quod

446 1439 767 1484 Rothsteinius
813 1439 913 1491 ipse
958 1438 1112 1483 addit:
1167 1454 1249 1491 „er
1295 1438 1439 1484 bittet·
1473 1439 1554 1484 ihn
1601 1440 1668 1484 sie
1714 1440 1797 1484 das
1846 1439 2160 1485 Geschehene

444 1535 725 1588 wenigstens
756 1535 886 1579 nicht
931 1549 983 1578 so
1027 1549 1048 1579 s
1064 1549 1093 1579 o
1109 1534 1173 1579 fo
1190 1542 1248 1579 rt
1293 1549 1377 1579 aus
1417 1534 1579 1579 seinen
1612 1534 1837 1580 Thri‘men
1870 1535 2066 1580 merken
2098 1551 2160 1580 zu

615 1630 641 1650 ''
689 1629 814 1674 Mihi
846 1629 1039 1683 quidem
1086 1644 1361 1682 persuasum
1409 1638 1478 1675 est
1522 1638 1723 1682 poetam,
1770 1630 1807 1674 si
1854 1631 1971 1675 haec
2002 1630 2160 1675 dicere

444 1630 611 1674 lassen.

444 1724 683 1775 voluisset,
731 1724 904 1769 diserte
950 1725 1220 1769 additurum
1264 1725 1434 1777 fuisse;
1466 1725 1549 1769 sed
1596 1724 1678 1769 ubi
1724 1725 1919 1778 legimus
1969 1724 2160 1770 Gallum

445 1819 648 1864 amicum
681 1835 890 1872 monere,
923 1835 983 1864 ne
1015 1819 1167 1864 statim
1199 1820 1395 1872 nuntiet,
1427 1836 1548 1874 quae
1563 1821 1684 1865 facta
1699 1821 1803 1872 sint,
1821 1821 1903 1865 sed
1920 1828 1971 1865 ut
1987 1820 2160 1865 sensim

446 1915 620 1960 sororis
651 1915 860 1960 animum
896 1924 1155 1969 praeparet,
1187 1924 1437 1968 antequam
1469 1916 1692 1961 acerbum
1725 1931 1837 1961 suae
1868 1915 2030 1961 mortis
2046 1931 2162 1962 nun-

446 2009 561 2054 tium
593 2010 637 2055 ei
668 2009 865 2055 narret}>

449 2106 585 2157 Quae
617 2105 918 2150 incommoda
947 2107 1175 2150 tolluntur
1205 2106 1369 2151 Jacobi
1402 2107 1628 2152 lectione:

565 2201 631 2245 sic
662 2209 708 2246 te
739 2210 925 2245 servato
961 2200 1039 2257 [ut]
1064 2199 1105 2259 ¹)
1136 2202 1313 2254 possint
1344 2203 1547 2255 gaudere
1579 2211 1820 2255 parentes:

684 2296 799 2340 haec
813 2294 854 2353 2)
886 2311 1020 2341 soror
1050 2304 1151 2341 acta
1166 2293 1208 2354 ³)
1239 2296 1330 2341 tuis
1361 2297 1527 2342 sentiat
1558 2312 1585 2341 e
1616 2298 1832 2342 lacrimis.

314 2485 476 2531 9—10.
508 2494 555 2531 et
586 2501 915 2541 quaecumque
947 2502 1090 2540 super
1121 2488 1331 2540 dispersa
1361 2487 1595 2533 invenerit
1627 2503 1731 2534 ossa

565 2581 803 2627 montibus
836 2582 1060 2635 Etruscis,
1092 2584 1209 2627 haec
1241 2583 1354 2627 sciat
1385 2598 1488 2628 esse
1520 2598 1639 2628 mea.

447 2675 558 2720 Hoc
589 2676 694 2721 loco
726 2676 1027 2729 Neapolitani
1059 2677 1196 2722 lectio
1228 2694 1259 2731 q
1276 2693 1307 2722 u
1324 2693 1352 2722 a
1367 2693 1394 2722 e
1411 2693 1437 2722 c
1456 2693 1487 2722 u
1505 2693 1551 2722 m
1569 2694 1600 2732 q
1616 2694 1647 2723 u
1666 2693 1693 2723 e
1723 2678 1900 2723 tuenda
1914 2686 1983 2723 est
2000 2685 2162 2723 contra

446 2771 731 2824 Postgatium
763 2769 881 2829 (Sel.
916 2771 987 2816 El.
1019 2788 1064 2825 p.
1100 2770 1211 2829 105)
1243 2781 1288 2817 et
1320 2773 1679 2824 Phillimorium,
1697 2773 1903 2827 quicum
1919 2772 2162 2818 codicibus

446 2867 544 2912 DV
572 2867 907 2920 quicumque
938 2868 1220 2920 praeierunt.
1240 2868 1498 2922 Postgatius
1515 2869 1702 2914 scribit:
1721 2869 1772 2922 „1
1790 2878 1961 2914 cannot
1976 2868 2160 2914 believe

445 2963 542 3007 that
588 2962 861 3016 Propertius
891 2963 1031 3007 could
1063 2963 1185 3008 have
1202 2964 1340 3008 made
1372 2963 1538 3009 Gallus
1568 2979 1651 3017 say
1681 2965 1779 3009 that
1809 2965 1869 3009 all
1900 2965 1978 3009 the
2013 2964 2161 3009 bones

445 3073 507 3103 on
568 3058 647 3102 the
694 3058 959 3103 mountains
1005 3059 1061 3103 of
1104 3058 1291 3104 Etruria
1336 3075 1464 3105 were
1510 3060 1636 3105 his'’.v
1673 3058 1765 3105 Sed
1812 3059 2016 3112 primum
2063 3075 2158 3105 non

362 3177 388 3224 ¹)
437 3182 537 3216 delet
562 3177 806 3216 Passeratius.

359 3248 387 3295 ²)
434 3254 559 3287 haec
593 3264 660 3293 pro
692 3264 772 3288 ne:
799 3253 1021 3294 Beroaldu03
1048 3253 1263 3288 Kraffertius
1287 3249 1490 3296 (Beitrfige,
1518 3264 1551 3294 p.
1579 3249 1664 3296 141)
1689 3265 1755 3294 pro
1781 3265 1835 3288 ne
1861 3259 1912 3287 ut
1937 3253 2036 3295 legit,
2062 3255 2158 3294 quod

432 3324 668 3363 praecedenti
692 3335 803 3358 versu
830 3325 989 3365 delevit;
1016 3326 1080 3359 sed
1109 3324 1283 3359 Beroaldi
1309 3324 1495 3359 correctio
1520 3325 1651 3359 leuior.

360 3390 387 3437 ⁸)
436 3393 611 3436 Scaligeri
655 3396 869 3430 coniectura
907 3396 977 3430 Ac
992 3407 1011 3430 c
1026 3407 1046 3429 a
1084 3407 1150 3436 pro
1187 3407 1242 3429 ac
1257 3403 1305 3430 ta
1341 3407 1415 3430 non
1452 3396 1661 3430 necessarie
1697 3402 1766 3437 est,
1803 3397 2004 3431 dummodo
2041 3402 2159 3430 aeta

436 3467 740 3511 interpretemur:
766 3478 821 3510 ee,
847 3479 939 3510 quae
964 3474 1067 3511 gesta
1093 3474 1189 3503 eunt·
