2566 3886
1110 282 1376 327 —170—

448 412 558 456 felix
604 427 698 457 nox
744 409 836 470 (sic
880 427 988 458 cum
1038 412 1162 458 Italis
1208 413 1458 466 legendum
1502 422 1586 466 est,
1630 429 1749 459 non
1793 414 1963 460 iniuria
2008 425 2163 462 servat

449 504 750 565 Phillimore)
782 507 895 552 mihi
925 508 1052 552 nulla
1082 508 1210 560 ruie’,
1243 516 1450 562 pugnare
1482 508 1716 554 observat.

447 601 540 647 Sed
572 603 688 647 haec
721 601 964 648 difficultas
996 603 1271 648 iamdudum
1304 603 1485 648 sublata
1515 612 1583 648 est
1608 603 1795 649 Heinsii
1811 605 2163 651 emendatione:

447 712 473 741 e
491 706 628 742 xtre
643 712 689 741 m
704 712 744 741 a.
793 697 930 749 Quae
977 699 1037 742 de
1084 699 1171 742 hac
1213 698 1504 743 correctione
1547 698 1868 745 Rothsteinius
1917 699 2162 746 observat:

448 791 554 844 „die
598 791 911 846 Vermutung,
949 801 1159 838 extrema
1200 801 1338 837 nocte
1378 793 1455 837 fiir
1495 793 1713 838 hesterna
1753 803 1891 839 nocte
1943 796 2034 840 lost
2083 795 2161 841 die

448 887 802 941 Schwierigkeit
833 888 975 940 nicht,
1008 889 1135 933 denn
1168 888 1245 933 die
1277 888 1547 941 Mitteilung
1577 889 1662 934 des
1690 888 1911 934 Dichters
1941 905 2000 935 an
2032 890 2162 935 seine

447 982 666 1029 Geliebte
713 984 839 1028 kann
887 999 995 1028 man
1043 984 1143 1029 sich
1190 984 1318 1029 nicht
1363 984 1489 1028 wohl
1535 985 1706 1030 anders
1751 985 1817 1030 als
1863 985 2163 1031 unmittelbar

446 1079 567 1124 nach
600 1079 709 1124 dem
742 1079 982 1124 erziihlten
1015 1079 1229 1132 Ereignis
1260 1079 1451 1124 denken
1483 1076 1599 1136 (vgl.
1633 1079 1718 1124 IV.
1751 1078 1792 1124 8.
1827 1080 1849 1124 1
1870 1080 2023 1133 disce,
2047 1081 2162 1135 quid

449 1174 681 1227 Esquilias
734 1175 820 1219 hac
875 1183 1012 1219 nocte
1065 1174 1232 1228 fugarit
1284 1171 1522 1232 aquosas),
1576 1175 1697 1219 auch
1750 1190 1891 1220 wenn
1937 1190 1989 1220 es
2034 1175 2163 1221 nicht

444 1269 775 1315 ausdriicklich
806 1278 959 1323 gesagt
989 1269 1137 1323 wird;
1168 1270 1335 1323 gewiss
1366 1269 1494 1315 nicht
1525 1270 1666 1321 dann,
1683 1285 1824 1315 wenn
1851 1271 1938 1316 der
1966 1271 2164 1317 Dichter

448 1365 645 1410 seitdem
678 1365 943 1418 iiberhaupt
974 1365 1103 1410 nicht
1135 1366 1271 1410 mehr
1301 1365 1386 1410 mit
1416 1365 1571 1410 seiner
1594 1365 1845 1412 Geliebten
1868 1381 2162 1412 zusammen-

450 1462 732 1515 gekommen
764 1461 821 1506 ist
852 1458 924 1518 (v.
956 1458 1085 1518 41)‘’,
1118 1461 1233 1506 nihil
1265 1461 1599 1506 demonstrant.

448 1651 636 1700 Deinde
660 1660 795 1705 negat
815 1651 1062 1697 Rothstein
1079 1659 1266 1705 poetam
1284 1650 1398 1705 quid
1415 1651 1516 1704 ipsa
1532 1650 1741 1704 Cynthia
1756 1651 1901 1705 egerit
1916 1652 2163 1704 dixeritve,

448 1746 490 1792 ei
524 1761 714 1791 narrare
746 1761 898 1799 posse.
933 1746 1043 1792 Hoc
1077 1754 1403 1800 argumentum
1435 1747 1627 1798 valeret,
1658 1746 1695 1791 si
1727 1747 2019 1792 credendum
2043 1756 2165 1793 esset

447 1857 576 1887 mea
616 1843 721 1887 lux
764 1843 841 1888 vel
886 1843 1065 1887 modo
1110 1843 1215 1887 lux
1259 1842 1318 1887 ab
1357 1842 1459 1894 ipso
1496 1851 1634 1895 poeta
1665 1843 1890 1895 scriptum
1922 1858 2039 1888 esse.
2071 1818 2164 1889 Sed

445 1937 783 1982 dubitationem
817 1945 977 1982 movet
1007 1938 1135 1991 quod
1164 1936 1267 1982 Nvf
1291 1953 1350 1982 ex
1373 1938 1666 1983 correctione
1697 1953 1744 1983 m
1759 1953 1828 1983 ea
1857 1938 1963 1983 lux
1993 1939 2164 1992 legunt,

446 2048 554 2078 cum
581 2032 626 2078 Ο
650 2033 868 2078 exhibeat
899 2049 946 2078 m
961 2048 990 2078 o
1004 2034 1034 2078 d
1049 2049 1078 2078 o
1109 2034 1227 2079 lux.
1260 2033 1574 2078 Baehrensius
1602 2048 1771 2079 vocem
1803 2049 1850 2078 m
1864 2034 1979 2078 odo
2009 2032 2165 2087 genui-

448 2144 557 2174 nam
575 2143 677 2174 esse
694 2138 861 2181 putans
877 2129 1033 2174 statuit
1048 2144 1217 2174 vocem
1235 2130 1327 2173 lux
1342 2129 1454 2174 olim
1471 2129 1749 2174 inculcatam
1763 2143 1866 2174 esse
1879 2128 1938 2173 ab
1950 2142 2009 2173 eo
2022 2127 2164 2182 quiin

445 2239 532 2269 suo
564 2223 820 2277 exemplari
846 2224 910 2268 nil
928 2224 1016 2269 nisi
1048 2224 1354 2269 hesterna
1385 2224 1563 2268 modo
1595 2239 1729 2269 cum
1761 2232 1945 2277 potus
1976 2231 2165 2269 nocte

445 2329 671 2373 vagare
685 2335 709 2364 r
749 2319 1004 2364 invenisset
1035 2328 1080 2365 et
1122 2320 1236 2365 illud
1263 2320 1367 2364 lux
1394 2335 1453 2364 ex
1475 2319 1793 2365 antecedentis
1825 2319 1999 2373 elegiae
2029 2334 2075 2363 v.
2107 2317 2165 2363 59

443 2414 736 2468 sumpsisset;
760 2415 932 2460 deinde
954 2431 981 2460 a
997 2424 1263 2461 correctore
1272 2416 1386 2461 Italo
1403 2431 1450 2460 m
1464 2430 1494 2460 o
1507 2416 1538 2460 d
1552 2430 1582 2460 o
1602 2415 1650 2460 in
1668 2430 1715 2460 m
1726 2429 1788 2459 ea
1803 2422 2030 2459 mutatum
2047 2428 2166 2459 esse.

446 2510 542 2562 „At
585 2510 842 2564 quomodo,
886 2510 1038 2564 inquit
1074 2510 1308 2563 Solbisky,
1349 2508 1453 2568 (De
1492 2509 1751 2555 Codicibus
1790 2509 1930 2563 Prop.
1970 2524 2014 2562 p.
2054 2507 2167 2567 179)

445 2605 574 2658 prior
613 2605 691 2650 ille
730 2605 1033 2658 interpolator
1073 2607 1131 2651 ad
1170 2607 1385 2651 lacunam
1424 2606 1704 2659 explendam
1743 2605 1951 2650 incidere
1989 2613 2169 2659 poterat

445 2701 493 2746 in
526 2701 652 2746 hunc
685 2715 892 2753 versum,
924 2701 1196 2753 praesertim
1230 2716 1338 2747 cum
1371 2701 1449 2746 illa
1476 2701 1695 2747 allocutio
1710 2701 1768 2753 ei,
1786 2702 1847 2746 de
1864 2716 1959 2755 quo
1976 2702 2167 2755 agimus,

446 2796 642 2842 carmini
674 2811 734 2841 ne
767 2797 1018 2842 conveniat
1050 2797 1288 2850 quidem’'.

445 2893 575 2944 Quid
593 2891 762 2946 igitur?
780 2892 967 2951 Ergone
987 2893 1284 2937 statuendum
1301 2900 1371 2937 est
1388 2891 1769 2945 Neapolitanum,
1787 2901 1838 2937 ut
1854 2893 1985 2945 solet,
1998 2908 2165 2938 verum

445 2987 690 3033 servasse?
721 2987 836 3032 Non
854 2987 1035 3040 opinor,
1057 2987 1228 3032 blanda
1243 2987 1321 3032 illa
1337 3003 1430 3033 vox
1448 3003 1475 3032 a
1490 2996 1650 3033 nostro
1666 2987 1874 3032 carmina
1889 2988 2169 3033 alienissima

444 3093 527 3129 est.
561 3084 660 3137 Ego
712 3084 856 3128 credo
903 3098 950 3127 m
968 3098 997 3128 o
1014 3084 1044 3127 d
1062 3098 1091 3128 o
1137 3084 1151 3127 l
1169 3099 1200 3127 u
1216 3099 1247 3128 x
1294 3083 1409 3127 nihil
1447 3097 1549 3128 esse
1581 3082 1668 3128 nisi
1700 3083 2167 3136 interpretamentum

444 3179 635 3233 antiquo
667 3187 879 3231 tempore
895 3179 954 3222 ad
987 3193 1013 3223 e
1030 3194 1061 3223 x
1078 3187 1095 3223 t
1111 3194 1134 3223 r
1148 3194 1175 3222 e
1195 3193 1241 3223 m
1260 3193 1287 3222 a
1318 3194 1349 3222 n
1366 3193 1395 3223 o
1414 3193 1440 3223 c
1457 3187 1474 3222 t
1492 3193 1517 3223 e
1550 3178 1836 3231 adscriptum
1853 3179 1982 3232 quod
1998 3193 2166 3224 vocem

442 3274 691 3329 genuinam
723 3274 966 3326 expulerit.
1002 3273 1136 3319 Haec
1153 3272 1426 3326 Solbiskyus
1458 3288 1647 3327 quoque
1678 3273 1890 3326 coniecit,
1911 3273 1990 3327 qui
2008 3282 2163 3319 tamen

444 3384 494 3414 se
526 3370 739 3422 ignorare
771 3369 968 3420 dicebat,
1001 3369 1242 3422 quomodo
1272 3377 1395 3413 totus
1427 3383 1591 3414 versus
1624 3369 1939 3415 restituendus
1970 3376 2105 3416 esset.

451 3463 746 3517 Dubitanter‚
778 3473 829 3509 ut
859 3464 907 3510 in
940 3479 991 3509 re
1023 3464 1213 3516 incerta,
1246 3479 1491 3520 propono:
