2566 3886
376 591 418 635 4.

347 1064 416 1110 10.

347 1348 415 1394 18.

340 1822 412 1868 21.

339 2298 410 2344 27.

339 2677 409 2723 28.

1157 262 1395 308 -85-

1098 461 1353 508 ELEGIA
1383 462 1446 507 V.

479 600 526 636 et
557 591 694 637 nobis
731 591 924 644 Aquilo,
958 591 1179 645 Cynthia,
1211 600 1382 637 ventus
1412 593 1514 638 erit.

477 687 583 732 Jam
616 686 914 732 Burmannus
945 687 1171 733 intellexit
1188 696 1383 733 ventum
1404 688 1695 742 Aquilonem
1713 689 1805 734 huc
1822 704 1918 735 non
1935 689 2195 741 pertinere;

478 782 607 827 alio
638 782 776 836 igitur
806 782 1018 828 coniecit.
1051 782 1228 828 Melius
1261 783 1622 829 Lachmannus:
1655 784 1846 838 aliquo
1876 785 2006 838 quod
2038 784 2195 830 Philli-

480 892 613 923 more
644 892 740 922 non
771 885 899 923 recte
929 877 1121 930 spernit.

477 1065 659 1111 affuerit
704 1065 778 1118 N;
825 1065 1048 1118 afuerit,
1096 1075 1223 1111 recte
1270 1067 1510 1121 inscriptio
1543 1067 1831 1121 Pompeiana
1861 1066 2049 1126 (bullet.
2083 1069 2192 1114 dell'

477 1159 583 1205 istit.
615 1161 742 1206 arch.
777 1159 906 1213 1875,
939 1158 1065 1219 191).

477 1364 617 1402 parce
647 1348 737 1394 tuis
768 1349 947 1402 animis,
980 1350 1088 1403 vita,
1121 1366 1294 1397 nocere
1325 1352 1422 1397 tibi.

476 1444 572 1489 Pro
602 1444 709 1490 tuis
740 1445 937 1490 animis
970 1445 1071 1491 Leo
1104 1446 1303 1492 coniecit
1334 1444 1588 1505 (RhMPh.
1624 1448 1751 1501 1880,
1784 1464 1828 1502 p.
1861 1448 1995 1508 440):
2027 1466 2191 1503 parce

474 1539 489 1584 i
506 1555 537 1584 n
555 1539 569 1584 i
585 1555 616 1584 u
634 1548 732 1585 sta
762 1556 792 1585 n
810 1540 956 1586 imis
989 1556 1102 1595 eqs„
1119 1542 1203 1587 sed
1219 1551 1348 1587 recte
1364 1542 1695 1597 interpretatur
1712 1544 1876 1598 Paley:
1894 1545 1980 1591 ista
1994 1546 2189 1592 ferocia:

475 1634 554 1687 by
585 1636 726 1680 that
757 1636 910 1690 high
941 1636 1144 1689 spirit
1174 1637 1487 1690 ofyours.

473 1839 561 1869 nec
592 1824 675 1869 tibi
707 1825 923 1878 periurae
954 1826 1164 1871 scindam
1197 1828 1257 1872 de
1288 1842 1487 1880 corpore
1519 1829 1674 1874 vestis.

474 1920 800 1966 Periurae
847 1930 917 1966 est
962 1921 1010 1966 in
1058 1922 1155 1967 DV
1204 1931 1251 1967 et
1296 1923 1362 1968 sic
1409 1923 1517 1977 legit
1563 1939 1695 1969 more
1742 1939 1828 1970 suo
1861 1925 2187 1971 Baehrensius.

474 2015 573 2068 Ego
609 2013 748 2073 [malo
794 2031 903 2062 cum
946 2016 1041 2062 NF
1091 2033 1122 2070 p
1138 2033 1165 2062 e
1182 2018 1284 2063 riu
1302 2034 1370 2064 ro
1402 2020 1570 2072 legere,
1602 2035 1711 2065 cum
1744 2021 2018 2074 exquisitior
2048 2021 2186 2067 lectio

470 2111 560 2155 hoc
591 2111 696 2156 loco
728 2111 843 2156 mihi
875 2127 989 2157 vera
1019 2112 1249 2158 videatur.

472 2299 671 2345 scribam
704 2300 853 2354 igitur,
885 2302 1013 2355 quod
1046 2317 1140 2347 non
1173 2318 1397 2356 umquam
1430 2312 1509 2349 tua
1539 2305 1692 2349 deleat
1721 2312 1846 2349 aetas
1867 2302 1908 2362 l)

473 2392 738 2453 Leo(l.l.):
770 2395 899 2440 tibi
946 2397 1172 2442 deleat
1217 2406 1431 2450 aetas;
1477 2407 1563 2452 ego
1610 2407 1789 2444 vertam
1822 2400 1937 2444 nihil
1976 2409 2184 2446 mutans:

469 2490 597 2543 quod
629 2506 727 2536 nun
759 2506 900 2545 quam
931 2492 1091 2537 delere
1122 2493 1310 2545 poteris,
1344 2493 1459 2538 dum
1491 2493 1640 2539 vives.

470 2678 678 2732 Cynthia
707 2680 859 2725 forma
890 2690 1070 2734 potens,
1102 2681 1310 2734 Cynthia
1340 2683 1488 2728 verba
1519 2685 1650 2729 levis.

472 2773 575 2819 Cur
620 2774 791 2819 mirum
838 2775 895 2819 sit
939 2784 1140 2829 poetam,
1178 2777 1259 2830 qui
1291 2778 1434 2822 modo
1465 2793 1533 2823 vs.
1566 2778 1620 2824 21
1656 2778 1912 2831 Cynthiam
1945 2781 2181 2833 periuram

470 2869 662 2921 vocarit,
711 2885 838 2914 nunc
884 2885 988 2915 eam
1034 2871 1241 2916 verba
1277 2872 1491 2918 levem
1525 2874 1769 2926 increpare
1799 2875 1947 2920 fateor
1977 2891 2054 2921 me
2086 2891 2181 2921 non

470 2963 739 3017 intelligere.

472 3057 671 3102 Prorsus
702 3058 840 3111 igitur
870 3074 1184 3112 supervacuas
1215 3061 1367 3107 habeo
1399 3063 1717 3108 coniecturas:

472 3166 643 3196 verna
688 3153 829 3197 levis
866 3150 1064 3210 (Peiper
1109 3171 1153 3208 p.
1198 3153 1266 3213 5),
1299 3156 1528 3210 lingua
1559 3158 1736 3202 levis
1767 3155 2040 3215 (Richards,
2073 3159 2178 3204 CR.

471 3245 609 3298 XIII,
640 3261 685 3299 p.
719 3245 815 3304 15).

387 3438 412 3486 ¹)
460 3442 698 3479 falsissimum
723 3444 811 3481 iuud
839 3445 1066 3482 Baebi-ennii:
1101 3453 1116 3480 t
1126 3458 1148 3482 u
1159 3458 1180 3481 a
1214 3449 1237 3482 d
1249 3448 1323 3483 ele
1334 3459 1354 3484 ι
1366 3455 1380 3482 t
1415 3460 1436 3484 ι
1448 3460 1468 3484 ο
1480 3456 1494 3483 t
1505 3460 1536 3486 a.
