2566 3886
358 1535 429 1581 27.

351 2200 423 2246 31.

1173 258 1410 305 -13-

502 402 641 447 atque
682 393 819 439 foede
860 393 983 438 dicta
1024 401 1145 444 sunt,
1187 401 1237 437 ut
1267 407 1418 446 paene
1448 392 1704 446 intelligere
1735 392 1967 445 possimus
1997 392 2213 446 antiquos

501 489 604 534 illos
650 489 907 542 philologos
953 488 1014 533 de
1060 487 1232 540 quibus
1278 489 1403 540 apud
1451 488 1775 533 Burmannum
1822 488 2018 542 legimus
2050 503 2214 533 arma

500 584 576 629 hic
607 584 799 629 telum
831 598 934 629 esse
964 592 1164 638 putasse.
1197 583 1318 635 Quis
1349 592 1505 629 tamen
1537 599 1632 629 non
1665 583 1803 628 sentit
1834 583 1882 628 in
1911 584 2038 628 hunc
2062 591 2213 628 tener·

499 679 671 724 rimum
735 680 892 724 locum
954 680 1129 724 nullam
1180 680 1412 732 quadrare
1456 679 1545 724 nisi
1591 679 1859 724 osculorum
1907 679 2210 724 mentionem.

499 773 700 818 Accedit
743 782 984 826 praeterea
1027 783 1079 819 ut
1120 775 1367 819 admota
1397 790 1444 819 m
1459 789 1529 819 an
1544 790 1575 819 u
1613 775 1679 819 sic
1710 775 1838 819 nude
1869 774 2072 827 positum
2104 774 2211 819 satis

498 869 751 914 obscurum
783 869 854 914 sit.

498 965 595 1017 Qui
647 980 724 1010 me
776 965 1090 1017 disputantem
1142 973 1330 1010 secutus
1382 964 1483 1016 erit,
1536 964 1757 1017 intelliget
1808 964 1923 1009 nihil
1969 965 2060 1009 hoc
2106 965 2210 1010 loco

497 1060 660 1105 iuvare
705 1075 792 1105 nos
838 1060 1144 1112 coniecturas,
1190 1060 1352 1112 quales
1406 1067 1597 1111 rapta,
1651 1067 1866 1111 carpta
1913 1056 2211 1117 (Heinsius),

495 1169 635 1199 cara
671 1152 946 1212 (Kochius),
983 1163 1156 1208 grata
1191 1151 1570 1212 (Rossbergius),
1608 1168 1792 1198 avara
1826 1150 2208 1212 (Baehrensius),

494 1251 733 1294 inerma
791 1247 1132 1308 (Risbergius).
1209 1249 1392 1295 Omnes
1452 1250 1743 1295 difficultates
1803 1250 1921 1294 tollit
1974 1248 2207 1295 Gronovii

494 1345 763 1390 coniectura
805 1346 875 1390 ad
919 1360 1037 1397 ora,
1080 1360 1200 1398 quae
1234 1345 1499 1390 Hartmano
1530 1360 1722 1398 quoque
1753 1360 1868 1389 vera
1897 1344 2098 1390 videtur.

492 1536 603 1581 Hoc
645 1551 787 1582 versu
836 1537 1104 1582 Palmerum
1150 1536 1494 1581 Phillimorium
1543 1535 1891 1581 Rothsteinium
1939 1536 1970 1580 d
1984 1551 2015 1580 u
2030 1535 2087 1580 xi
2104 1544 2122 1579 t
2159 1536 2206 1579 in

491 1640 619 1677 textu
648 1647 825 1685 ponere
841 1642 996 1685 spreta
1011 1633 1247 1678 lenissima
1262 1642 1402 1685 atque
1419 1631 1681 1677 necessaria
1696 1631 1965 1676 coniectura
1981 1630 2205 1675 Italorum

490 1727 521 1771 d
535 1742 566 1771 u
580 1727 669 1771 xti
712 1728 851 1773 valde
892 1728 1052 1773 miror.
1085 1728 1161 1773 De
1192 1742 1214 1772 s
1227 1743 1254 1773 e
1268 1743 1294 1772 c
1307 1743 1339 1773 u
1353 1743 1384 1772 n
1399 1728 1430 1771 d
1444 1742 1471 1772 a
1502 1741 1704 1779 persona
1733 1723 1829 1784 (vs.
1862 1723 1947 1783 22)
1978 1725 2079 1770 sine
2111 1725 2205 1770 ulla

489 1836 627 1867 causa
666 1823 725 1867 ad
772 1823 1024 1867 tertiam
1071 1820 1167 1880 (vs.
1199 1820 1298 1880 27),
1329 1822 1503 1867 deinde
1547 1836 1709 1866 rursus
1755 1821 1814 1865 ad
1861 1819 2202 1865 secundam

486 1917 684 1962 transire
724 1917 1021 1963 balbutientis
1052 1927 1135 1963 est.
1168 1917 1295 1963 Cum
1326 1917 1479 1962 forma
1512 1925 1749 1962 contracta
1789 1916 1964 1961 duxti
2011 1915 2201 1960 confer:

488 2011 524 2055 Ι.
557 2010 598 2056 3.
631 2010 718 2056 37:
750 2012 1158 2065 consumpsti.

484 2202 636 2247 donec
658 2203 867 2248 diversas
890 2218 1198 2257 praecurrens
1228 2203 1340 2248 luna
1369 2202 1594 2247 fenestras

484 2312 934 2350 praecurrens:
979 2298 1053 2351 N;
1098 2313 1509 2351 percurrens:
1558 2297 1668 2342 DV.

483 2392 933 2446 Praecurrens,
969 2402 1520 2447 praetercurrens‚
1553 2407 1839 2445 quamquam
1857 2392 1905 2436 in
1922 2392 2083 2437 lexicis
2099 2407 2194 2437 non

482 2488 1017 2542 reperitur,comparatis
1044 2489 1412 2541 praevehor,
1442 2487 1873 2541 praegredior‚
1903 2488 2195 2540 praefluo

481 2582 672 2627 defendi
703 2592 854 2635 potest
884 2592 1221 2636 receptumque
1252 2592 1323 2628 est
1353 2598 1380 2628 a
1411 2582 1698 2628 Baehrensio
1730 2582 2012 2628 Housmano
2049 2581 2103 2641 (J
2107 2583 2192 2628 Ph.

480 2676 642 2730 XXII,
664 2693 709 2731 p.
732 2675 831 2735 91),
850 2678 1084 2732 Postgatio
1100 2675 1175 2736 (in
1189 2678 1395 2723 editione
1414 2675 1555 2735 1894)
1573 2677 1865 2722 Phillimorio
1883 2677 2193 2723 Rothsteinio.

479 2769 572 2816 Sed
604 2787 690 2817 suo
720 2772 822 2817 iure
853 2782 1043 2817 annotat
1073 2773 1320 2827 Frigellius
1342 2770 1413 2830 (p.
1441 2771 1523 2831 15)
1546 2782 1619 2825 „at
1640 2773 1836 2818 intrasse
1858 2788 1944 2826 per
1967 2773 2191 2818 fenestras

479 2866 638 2911 lunam
682 2867 774 2911 iam
817 2867 865 2911 in
909 2867 1213 2920 sequentibus
1256 2867 1363 2912 satis
1409 2868 1619 2920 docetur,
1666 2876 1826 2921 utpote
1871 2868 2004 2913 cuius
2050 2868 2191 2912 radiis

479 2961 640 3005 oculos
669 2960 945 3006 ferientibus
976 2962 1297 3015 expergefacta
1327 2977 1354 3006 e
1386 2977 1550 3007 somna
1582 2961 1790 3015 Cynthia
1820 2963 2076 3007 narratur''.

479 3054 702 3100 Praefero
731 3056 870 3109 igitur
899 3071 1008 3101 cum
1040 3056 1120 3101 illo
1150 3066 1196 3102 et
1226 3057 1446 3102 Vahleno
1477 3057 1525 3101 id
1554 3058 1682 3109 quod
1708 3057 1756 3101 in
1783 3057 1880 3101 DV
1900 3056 2187 3101 invenimus:

478 3165 510 3202 p
521 3164 548 3194 e
562 3165 586 3194 r
598 3165 624 3194 c
638 3166 669 3195 u
682 3165 707 3194 r
719 3165 743 3194 r
756 3165 783 3194 e
796 3166 828 3194 n
842 3165 877 3195 s.
906 3150 1131 3196 Nostram
1145 3151 1416 3203 opinionem
1431 3151 1710 3196 confirmare
1720 3151 1908 3196 videtur
1920 3150 2187 3196 notissimus

479 3244 611 3288 locus
641 3243 837 3297 Vergilii
869 3244 964 3289 III:
999 3244 1109 3290 152:
1442 3261 1535 3298 qua
1566 3261 1616 3290 se

477 3339 617 3391 plena
646 3353 732 3390 per
762 3338 957 3383 insertas
988 3339 1212 3384 fundebat
1243 3340 1354 3384 luna
1382 3339 1623 3384 fenestras.
