2566 3886
351 991 422 1037 33.

1144 277 1203 285 —
1234 251 1410 298 309-

483 397 579 427 non
626 382 837 435 congruit
853 380 909 440 1),
940 391 990 427 ut
1020 390 1147 427 recte
1179 382 1448 427 observavit
1481 382 1789 428 Housmanus
1821 381 1874 440 (J
1879 383 1951 428 Ph
1981 383 2119 436 XXI,
2152 400 2197 437 p.

487 474 612 534 148),
660 493 767 522 curn
811 485 1126 529 pentametro:
1160 492 1238 529 „as
1269 477 1303 521 it
1332 478 1411 522 the
1444 477 1578 522 bride
1609 478 1719 522 who
1750 478 2000 531 according
2031 487 2079 523 to
2111 479 2198 523 her

485 586 594 616 own
611 580 810 617 account
840 571 1012 616 dedit
1044 571 1344 616 bracchia
1371 571 1542 616 victa
1573 571 1824 624 urgenti
1851 586 1938 616 can
1955 582 2198 626 represent

484 667 664 711 herself
703 682 752 711 as
783 667 916 711 there
947 667 1039 711 and
1077 667 1188 711 then
1221 666 1490 720 bargaining
1521 666 1596 711 for
1627 682 1658 711 n
1670 681 1699 711 o
1712 682 1739 711 c
1752 675 1769 711 t
1783 682 1810 711 e
1824 667 1888 711 s’'.
1922 667 2029 719 Ipse
2061 668 2198 722 igitur

484 761 722 814 proponit:
754 762 1007 806 haecne
1039 761 1277 806 marita
1307 761 1468 806 fides
1500 770 1560 806 et
1590 759 1888 819 (primae)
1920 762 2198 814 praemia

484 871 515 900 n
532 871 562 901 o
579 871 605 901 c
621 864 638 901 t
654 856 668 901 i
686 871 722 908 s,
764 857 893 909 quod
924 856 1039 900 mihi
1071 856 1349 908 praeplacet.

484 992 698 1037 noctibus
729 991 937 1037 hibernis
969 991 1219 1036 castrensia
1249 1005 1395 1043 pensa
1424 991 1587 1037 laboro

542 1095 587 1132 et
618 1086 764 1139 Tyria
794 1086 842 1131 in
874 1086 1049 1140 gladios
1082 1086 1258 1131 vellera
1289 1095 1415 1131 secta
1445 1101 1554 1132 suos

484 1181 764 1226 Rothsteinii
796 1182 854 1226 ad
887 1181 1014 1226 hunc
1045 1181 1200 1225 locum
1233 1181 1469 1226 adnotatio
1501 1182 1617 1226 nihil
1636 1182 1752 1227 lucis
1784 1182 1938 1235 affert:
1957 1182 2196 1236 quomodo

481 1284 636 1321 autem
682 1291 847 1321 versus
894 1276 1217 1321 emendandus
1264 1276 1335 1328 sit,
1382 1277 1520 1321 docet
1568 1277 1876 1331 Rossbergius
1914 1274 2194 1336 (Lucubrat.

482 1372 622 1425 Prop.
654 1387 699 1425 p.
731 1369 829 1428 27),
861 1371 941 1425 qui
973 1371 1212 1425 ingeniose
1243 1387 1330 1425 pro
1362 1387 1506 1417 suos
1544 1387 1658 1418 suo
1689 1372 1911 1418 restituit:

599 1475 646 1511 et
677 1465 823 1518 Tyria
853 1465 902 1510 in
933 1466 1108 1519 gladios
1140 1467 1318 1511 vellera
1348 1475 1474 1512 secta
1504 1482 1526 1512 s
1542 1483 1573 1512 u
1590 1482 1633 1519 o,

480 1562 608 1615 quod
654 1561 754 1614 ipse
786 1560 1071 1607 Germanice
1118 1562 1282 1607 vertit:
1325 1563 1452 1615 „und
1484 1562 1561 1607 ich
1592 1563 1714 1608 nahe
1746 1577 1989 1615 purpurne
2022 1562 2195 1607 Leder-

479 1657 668 1703 streifen
699 1657 774 1701 fiir
805 1656 881 1702 die
913 1655 1178 1702 Schwerter
1209 1657 1281 1702 i.e.
1313 1672 1374 1702 zu
1406 1656 1826 1711 Schwertgurten”.

482 1751 622 1797 Hanc
640 1751 970 1804 coniecturam,
982 1766 1123 1805 quam
1137 1751 1237 1797 fere
1249 1766 1414 1797 omnes
1425 1752 1628 1797 editores
1641 1752 1933 1797 Phillimorio
1943 1749 1985 1809 ει)
1997 1760 2194 1805 excepto

480 1855 720 1899 spernunt,
753 1861 915 1891 veram
947 1861 1050 1891 esse
1081 1847 1253 1892 docent
1284 1846 1332 1891 hi
1365 1847 1478 1892 loci:

479 1941 623 1995 Verg.
654 1941 765 1986 Aen
796 1941 908 1994 XII,
940 1940 1027 1986 273
1088 1941 1235 1987 sutilis
1256 1974 1326 1986 .....
1344 1942 1523 1987 balteus

482 2036 623 2088 Prop.
752 2036 837 2088 IV,
874 2035 940 2080 10.
973 2035 1030 2080 22
1091 2035 1379 2088 praebebant
1410 2036 1532 2082 caesi
1565 2037 1716 2082 baltea
1747 2038 1872 2082 lenta
1902 2037 2063 2090 boves,

481 2131 609 2176 unde
640 2130 863 2175 discimus
895 2130 1071 2176 balteos
1103 2131 1262 2176 sutiles
1293 2130 1434 2176 fuisse
1465 2146 1587 2184 eque
1619 2132 1749 2177 corio
1779 2132 1939 2177 factos.

346 2260 417 2306 37.
435 2260 506 2306 38.
553 2269 680 2306 recte
711 2276 738 2306 a
769 2261 1068 2307 Broukhusio
1099 2269 1206 2306 ante
1238 2276 1428 2307 versum
1461 2260 1518 2306 35
1549 2262 1813 2315 transpositi
1846 2271 1966 2307 sunt.

346 2391 417 2436 42.

345 2709 416 2755 37.

479 2391 574 2436 Pro
629 2406 660 2444 p
676 2406 703 2436 e
719 2391 733 2435 i
751 2406 778 2436 e
794 2406 818 2435 r
833 2406 861 2436 a
876 2400 893 2435 t
948 2406 1056 2436 cum
1111 2391 1328 2437 Livineio
1380 2392 1411 2436 d
1429 2407 1456 2436 e
1472 2391 1486 2436 i
1504 2407 1530 2436 e
1547 2407 1571 2436 r
1586 2400 1646 2436 at
1694 2393 1796 2446 lego
1814 2407 1825 2445 ;
1878 2401 2005 2437 recte
2064 2393 2190 2438 enirn

478 2485 801 2531 Broukhusius
832 2495 1046 2532 annotat:
1079 2502 1203 2539 „non
1236 2487 1343 2532 satis
1374 2488 1547 2532 decore
1569 2488 1691 2532 dicat
1707 2488 1945 2533 Arethusa
1961 2487 2190 2533 nutricem

477 2595 608 2625 suam
636 2581 922 2626 desiderium
952 2582 1209 2636 languentis
1232 2582 1450 2627 dominae
1467 2583 1674 2636 periurio
1691 2583 1827 2628 solari
1845 2584 2190 2628 consuevisse''.

478 2709 523 2754 C
536 2725 565 2755 o
579 2719 606 2763 g
618 2725 647 2755 o
660 2726 697 2762 r,
744 2726 831 2763 pro
877 2727 972 2765 quo
1019 2711 1344 2758 Broukhusius
1391 2713 1619 2766 probante
1662 2714 1948 2759 Baehrensio
1979 2729 2005 2758 c
2019 2729 2048 2759 o
2061 2730 2092 2758 n
2107 2729 2136 2759 o
2152 2730 2189 2767 r,

476 2805 672 2857 scripsit,
704 2820 799 2850 non
831 2807 1106 2851 mutandum
1139 2822 1241 2853 esse
1273 2809 1430 2853 credo.
1462 2808 1520 2852 cf.
1555 2808 1815 2854 Rothstein.
1847 2810 1905 2854 ad
1938 2810 1975 2861 I,
2010 2809 2049 2861 l,
2082 2810 2122 2854 7.

345 2933 416 2978 47.
433 2933 504 2979 48.
537 2949 624 2979 nec
655 2950 732 2979 me
763 2935 1000 2980 tardarent
1030 2935 1246 2989 Scythiae
1278 2937 1394 2991 iuga,
1427 2953 1535 2982 cum
1567 2946 1698 2990 pater
1728 2939 1839 2983 altas

596 3028 787 3074 Africus
818 3029 866 3074 in
898 3030 1091 3083 glaciem
1122 3031 1293 3084 frigore
1325 3032 1467 3077 nectit
1497 3048 1654 3086 aquas.

479 3121 517 3166 P
531 3137 558 3166 a
573 3130 590 3166 t
603 3137 630 3167 e
643 3138 667 3167 r
698 3123 839 3168 Afri
854 3139 880 3168 c
894 3139 924 3169 u
939 3139 973 3168 s.
1007 3125 1126 3176 Quis
1159 3125 1307 3170 verba
1338 3127 1453 3171 haec
1485 3126 1686 3171 absurda
1717 3127 1973 3173 defendere
1990 3129 2158 3174 audeat
2175 3128 2186 3173 !

395 3261 425 3307 1)
475 3265 583 3299 Hanc
609 3266 656 3300 ob
683 3276 830 3300 causam
856 3267 1063 3302 reiciendae
1089 3276 1173 3303 sunt
1198 3270 1433 3304 coniecturae
1460 3270 1615 3310 Hauptii
1648 3282 1668 3304 e
1682 3277 1696 3304 t
1729 3282 1751 3311 p
1765 3282 1785 3305 ι
1798 3282 1818 3305 c
1834 3278 1848 3306 t
1861 3283 1881 3306 a
1897 3284 1916 3306 e
1953 3273 1964 3306 i
1978 3285 2001 3306 n
2038 3285 2055 3307 s
2070 3284 2090 3307 a
2103 3285 2126 3308 v
2140 3274 2151 3307 i
2166 3285 2186 3307 a

345 3331 545 3364 noctes,
595 3324 761 3358 Brandtii
799 3333 848 3359 et
886 3334 1071 3366 pactae
1112 3329 1230 3362 aula
1267 3329 1393 3363 mihi
1442 3337 1632 3364 noctes
1683 3326 1854 3372 (Quaest.
1894 3331 2001 3372 Prop.
2038 3344 2072 3372 p.
2110 3328 2184 3374 ⁴1),

345 3382 534 3423 Solbiskyi
559 3379 634 3426 (De
660 3383 791 3418 Codic.
819 3384 926 3426 Prop.
952 3398 984 3426 p.
1013 3383 1095 3430 165)
1135 3395 1183 3421 et
1221 3395 1406 3428 pactae
1443 3389 1537 3423 iam
1576 3389 1700 3423 mihi
1737 3396 1935 3424 noctes.

392 3437 425 3484 ²)
474 3441 649 3477 Probavit
674 3449 711 3477 et
738 3442 978 3480 Hartmanus.
