2566 3886
374 404 416 450 3.

343 1067 413 1112 14.

1132 274 1308 320 -207
1341 300 1400 307 —

477 419 586 449 saxa
618 404 917 450 Cithaeronis
947 404 1137 450 Thebas
1167 405 1331 459 agitata
1361 421 1447 459 per
1478 414 1624 451 artem

544 508 710 552 sponte
741 514 824 544 sua
854 499 902 543 in
934 499 1056 545 muri
1088 500 1300 545 membra
1330 501 1479 545 coisse
1509 501 1680 546 ferunt.

476 593 705 646 Displicet
735 609 877 638 versu
909 594 1045 639 tertio
1076 610 1171 639 vox
1202 603 1344 640 arte
1362 611 1408 639 m
1444 595 1510 640 sic
1540 596 1668 640 nude
1699 597 1871 649 posita:
1903 607 2190 652 quapropter

475 704 584 734 cum
618 689 882 734 Hartmano
914 689 1092 734 malim:

593 799 703 828 saxa
734 783 1032 829 Cithaeronis
1064 784 1102 828 P
1115 785 1146 828 h
1161 799 1190 829 o
1204 799 1230 829 e
1244 784 1275 828 b
1293 800 1319 829 e
1332 800 1360 829 a
1376 801 1423 829 m
1455 786 1619 839 agitata
1650 801 1736 839 per
1767 796 1914 832 artem

477 892 536 922 ex
567 878 836 923 coniectura
866 878 956 923 viri
988 878 1112 923 docti
1143 879 1191 923 in
1224 879 1363 924 Misc.
1397 879 1537 925 Obss.
1570 881 1632 933 11,
1668 880 1765 926 109.

475 1076 522 1113 et
553 1068 736 1113 defessa
767 1068 921 1113 choris
954 1067 1197 1120 Calliopea
1228 1069 1358 1114 meis.

471 1161 566 1207 Pro
612 1171 669 1207 et
701 1163 956 1207 defessa
985 1160 1063 1220 (N
1096 1172 1157 1208 et
1188 1161 1395 1221 omittet)
1427 1164 1740 1210 Baehrensius
1771 1167 2038 1220 proposuit:
2070 1185 2186 1214 nec

472 1257 737 1302 defessa.
782 1257 925 1310 Nam,
957 1258 995 1303 si
1027 1257 1270 1311 Calliopea
1302 1259 1483 1304 defessa
1514 1269 1635 1304 esset
1667 1261 1822 1306 choris
1853 1262 2185 1316 Propertianis,

472 1351 678 1396 studium
711 1352 951 1404 deponere
981 1368 1090 1398 eum
1124 1369 1316 1398 necesse
1348 1363 1483 1399 esset.
1508 1354 1766 1408 Postgatius
1794 1365 1950 1401 autem
1968 1357 2015 1402 in
2044 1359 2185 1404 adno-

470 1447 642 1491 tatione
673 1447 831 1492 critica
861 1448 1077 1493 editionis
1111 1447 1225 1494 1894
1257 1450 1464 1494 confert:

468 1540 577 1586 Stat.
610 1541 722 1587 Silv.
755 1542 791 1594 Ι,
824 1541 866 1594 5,
898 1542 952 1587 2:

587 1636 702 1682 Non
737 1637 972 1682 Helicona
1002 1638 1131 1691 gravi
1162 1640 1314 1691 pulsat
1344 1640 1505 1692 chelys
1537 1641 1706 1685 enthea
1737 1642 1914 1694 plectro

584 1747 672 1776 nec
704 1733 868 1777 lassata
898 1747 1019 1777 voco
1050 1733 1218 1778 totiens
1251 1734 1365 1778 mihi
1397 1735 1591 1780 numina
1623 1735 1801 1789 Musas,

466 1841 561 1878 quo
593 1841 734 1871 versu
765 1826 912 1872 fretus
945 1828 1176 1881 vulgatam
1209 1829 1434 1874 defendit.
1467 1829 1559 1875 Sed
1592 1829 1720 1875 Statii
1753 1846 1895 1876 versu
1927 1833 2022 1878 las
2040 1842 2180 1878 sata

467 1920 557 1965 alio
587 1921 836 1966 adhibetur
866 1931 1111 1975 contextu;
1144 1939 1313 1976 ‚,nunc,
1346 1924 1495 1977 inquit
1513 1924 1748 1977 Papinius,
1766 1941 1851 1971 vos
1866 1942 2038 1973 vocare
2055 1930 2179 1981 nolo,

467 2030 496 2060 o
529 2015 715 2068 Musae,
747 2032 863 2070 quas
901 2017 991 2062 iam
1025 2018 1192 2063 totiens
1224 2018 1456 2071 invocavi,
1489 2028 1539 2064 ut
1570 2020 1762 2065 lassatae
1794 2021 1889 2066 sitis
1921 2024 2178 2068 canendo''.

464 2110 726 2156 Videamus
757 2127 897 2163 nunc,
930 2112 1043 2166 quid
1078 2112 1347 2165 Propertius
1379 2114 1525 2159 dicat:
1559 2115 1722 2166 „Licet
1754 2130 1932 2168 pauper
1948 2117 2049 2169 sim,
2077 2118 2178 2162 iure

462 2214 618 2250 tamen
650 2221 727 2251 me
759 2206 947 2252 beatum
979 2208 1145 2260 habeo,
1178 2224 1286 2253 nam
1321 2208 1492 2253 Musae
1532 2225 1666 2254 meae
1698 2219 1805 2255 sunt
1835 2212 2043 2265 comiteS,
2076 2228 2181 2258 mea

463 2302 669 2346 carmina
699 2302 884 2355 placent
915 2303 1188 2356 legentibus,
1220 2302 1292 2360 (et
1309 2319 1435 2349 nunc
1452 2305 1639 2349 attende
1656 2305 1714 2349 ad
1733 2305 1779 2349 id
1797 2307 1925 2358 quod
1943 2305 2178 2366 sequitur)

462 2404 508 2440 et
542 2395 756 2450 Calliope
787 2398 968 2443 defessa
999 2407 1068 2443 est
1099 2399 1216 2444 meis
1248 2399 1426 2444 choris:
1458 2415 1554 2444 non
1586 2400 1712 2445 dictu
1744 2416 1863 2453 opus
1895 2411 1964 2446 est
1995 2403 2176 2448 tertiam

462 2490 587 2535 illam
616 2506 819 2544 causam,
836 2508 921 2537 cur
936 2508 986 2538 se
1003 2493 1191 2538 beatum
1209 2495 1460 2547 praedicet,
1478 2495 1857 2540 absurdissimam
1875 2511 1991 2542 esse.
2023 2496 2070 2542 Si
2086 2498 2176 2543 loci

462 2586 707 2639 Papiniani
716 2603 950 2633 memores
958 2589 1114 2634 locum
1123 2589 1498 2643 interpretamur,
1510 2591 1738 2636 sententia
1755 2591 1805 2635 fit
1821 2592 1951 2637 haec:
1971 2601 2176 2646 „praete-

460 2696 541 2726 rea
548 2682 693 2726 multa
705 2682 794 2728 feci
807 2683 1014 2728 carmina
1023 2683 1265 2737 Calliopea
1272 2685 1541 2738 adiutrice”‚
1549 2687 1676 2740 quod
1686 2696 1968 2740 magnopere
1977 2688 2174 2741 languet.

462 2775 792 2822 Concederem
825 2786 1002 2823 textum
1035 2779 1254 2824 traditum
1286 2781 1475 2825 defendi
1506 2797 1658 2835 posse,
1691 2782 1728 2826 si
1761 2782 2016 2827 attribu
2034 2783 2173 2827 tive

461 2870 667 2915 adhibita
714 2880 837 2916 esset
881 2887 976 2917 vox
1025 2874 1055 2917 d
1073 2873 1171 2918 ese
1186 2889 1296 2926 ssa,
1340 2883 1386 2918 et
1432 2876 1548 2920 haec
1594 2876 1641 2920 in
1689 2885 1817 2921 textu
1864 2877 2171 2923 haberemus:

460 2964 676 3015 quamvis
707 2981 886 3019 pauper
917 2966 1019 3018 sim,
1051 2983 1147 3011 non
1165 2976 1321 3013 tamen
1338 2969 1633 3014 divitioribus
1650 2971 1855 3022 invideo,
1873 2987 1980 3016 nam
2000 2972 2171 3017 Musae

460 3057 573 3101 mihi
621 3059 813 3104 comites
860 3069 968 3104 sunt
1012 3070 1058 3105 et
1104 3060 1316 3115 Calliope
1367 3064 1547 3108 defessa
1590 3065 1706 3109 meis
1737 3065 1892 3109 choris
1924 3066 1995 3110 i.e.
2027 3081 2168 3118 quam

460 3151 728 3203 saepissime
736 3154 852 3198 meis
860 3154 1330 3200 carminibuslassavi.
1345 3156 1436 3201 Sed
1450 3159 1702 3210 quominus
1715 3160 1780 3203 sic
1794 3159 2168 3213 interpretemur,

459 3245 643 3290 obstant
658 3247 805 3291 verba
835 3257 895 3292 et
927 3249 1187 3294 carmina
1218 3265 1361 3295 cara
1391 3253 1643 3305 legenti.
1663 3253 1858 3305 Recipio
1876 3254 2168 3306 igiturBaeh-

459 3340 601 3384 rensii
636 3342 1039 3396 supplementum;
1070 3345 1298 3390 correctio
1329 3346 1455 3390 enim
1487 3371 1547 3376 —-
1577 3346 1890 3400 Neapolitano
1937 3356 1994 3392 et
2036 3348 2167 3392 omit-

458 3443 584 3479 tente
616 3460 675 3466 —
705 3451 761 3480 ea
791 3437 872 3482 vix
902 3438 1189 3484 nominanda
1219 3448 1302 3484 est,
