2566 3886
1165 263 1373 311 -4-

477 394 550 440 Ex
582 395 864 441 coniecturis
895 406 1051 442 autem
1084 397 1199 443 mihi
1231 399 1433 444 maxime
1465 400 1617 452 placet
1648 414 1717 452 ea,
1749 415 1890 453 quam
1907 401 1969 447 A.
1988 401 2188 456 Palmer,

475 491 550 536 vir
581 492 656 536 ille
688 492 994 545 acutissimus,
1028 493 1227 538 invenit:

612 588 707 632 ibat
737 597 784 633 et
814 589 1015 634 hirsutas
1046 590 1396 635 comminus
1427 590 1543 636 ille
1575 591 1708 636 feras.
1729 589 1771 650 1)

472 683 729 735 Quomodo
759 684 927 729 vitium
959 693 1120 730 natum
1152 686 1222 738 sit,
1255 686 1380 739 apud
1414 686 1748 732 Housmanum
1768 685 1811 745 ²)
1842 689 2033 742 relegas.

475 778 642 823 Redeo
681 795 808 824 nunc
846 781 905 824 ad
937 781 1198 826 secundum
1237 790 1562 834 argumentum
1595 782 1878 835 Housmani,
1909 798 2006 836 quo
2041 784 2187 830 fretus

468 875 709 920 contendit
720 875 896 928 aliquid
908 877 1073 921 deesse
1085 885 1244 922 nostro
1255 877 1373 922 loco.
1387 877 1548 923 Primo
1558 887 1748 931 aspectu
1760 879 1850 924 hoc
1859 887 2184 932 argumentum

470 971 611 1022 paulo
642 971 828 1024 gravius
860 980 943 1024 est,
975 987 1084 1017 nam

609 1081 749 1120 saepe
781 1067 883 1112 tulit
914 1067 1040 1112 iusso
1073 1067 1249 1113 fallacia
1279 1068 1395 1113 retia
1425 1069 1546 1113 collo

467 1161 582 1206 nihil
614 1162 755 1207 habet
786 1163 911 1215 apud
944 1162 1258 1216 Propertium,
1291 1164 1367 1208 cui
1398 1165 1693 1217 respondeat.

466 1256 558 1302 Sed
598 1257 801 1303 Ovidius
839 1273 1026 1311 semper
1063 1259 1308 1304 verbosior
1346 1269 1415 1304 est
1446 1275 1587 1313 quam
1620 1260 1911 1313 Propertius;
1944 1261 2072 1313 quod
2103 1261 2180 1306 hic

465 1367 562 1397 uno
599 1353 748 1398 verbo
779 1354 970 1407 attingit,
1003 1353 1207 1399 Ovidius
1239 1354 1286 1399 in
1319 1355 1500 1408 longius
1532 1355 1744 1400 extrahit.
1777 1355 1852 1401 Sic
1883 1365 2043 1401 nostro
2074 1357 2181 1402 loco

463 1463 558 1493 non
591 1449 790 1495 dubium
822 1459 905 1503 est,
937 1450 1052 1503 quin

602 1561 741 1599 saepe
772 1561 882 1591 suos
913 1561 1047 1591 casus
1078 1561 1167 1591 nec
1199 1546 1327 1591 mitia
1356 1546 1478 1591 facta
1507 1547 1691 1600 puellae

719 1641 853 1686 flesse
885 1640 973 1685 sub
1004 1641 1252 1686 arboribus
1285 1641 1547 1687 Milaniona
1577 1642 1732 1687 ferunt

460 1736 655 1781 imitatio
693 1736 750 1781 sit
793 1751 960 1781 versus
992 1736 1231 1781 undecimi
1274 1737 1399 1790 apud
1443 1745 1668 1782 nostrum.
1712 1735 2005 1796 (Antrum
2049 1738 2176 1784 enim

457 1832 583 1884 apud
647 1831 947 1885 Propertium
1013 1847 1044 1876 n
1059 1847 1085 1876 e
1100 1847 1147 1876 m
1162 1847 1192 1876 u
1207 1847 1228 1876 s
1287 1832 1546 1886 significare
1613 1833 1933 1879 Rothsteinius
1991 1833 2177 1893 docuit)

458 1927 603 1979 Quod
635 1927 673 1972 si
705 1943 873 1973 verum
905 1936 989 1980 est,

600 2037 740 2076 saepe
772 2023 874 2068 tulit
905 2023 1032 2068 iusso
1063 2023 1242 2069 fallacia
1271 2024 1388 2069 retia
1418 2024 1554 2076 collo,

715 2133 855 2172 saepe
890 2119 988 2163 fera
1018 2127 1179 2164 torvos
1211 2119 1405 2172 cuspide
1437 2118 1536 2163 fixit
1568 2133 1706 2172 apros

457 2214 682 2258 reddunt:
721 2213 815 2258 ibat
853 2222 899 2258 et
932 2213 1133 2258 hirsutas
1164 2214 1429 2259 comminus
1460 2213 1537 2259 ille
1567 2214 1711 2267 feras;
1743 2214 1948 2268 primum
1980 2229 2171 2260 versum

458 2308 663 2354 Ovidius
703 2309 803 2362 ipse
845 2308 1123 2362 composuit,
1165 2317 1216 2354 ut
1256 2317 1303 2353 et
1342 2323 1484 2362 supra
1523 2324 1671 2354 unum
1709 2324 1900 2354 versum
1939 2308 2172 2362 Propertii

456 2405 642 2450 duobus
683 2404 899 2449 versibus
941 2404 1184 2456 expressit.
1224 2403 1335 2448 Hoc
1372 2404 1454 2456 qui
1492 2404 1659 2448 nolunt
1696 2405 1974 2456 concedere,
2015 2403 2070 2448 iis
2110 2405 2170 2449 ad

455 2500 773 2545 coniecturam
820 2499 1187 2553 confugiendum
1234 2508 1305 2544 est
1351 2499 1463 2544 olim
1511 2499 1651 2544 etiam
1695 2500 1821 2552 apud
1868 2498 2167 2552 Propertium

454 2610 723 2640 sermonem
767 2595 909 2640 fuisse
952 2596 1013 2640 de
1056 2595 1248 2647 retibus,
1292 2610 1414 2647 quae
1458 2594 1644 2639 cervice
1687 2593 1867 2638 ferebat
1920 2593 2167 2638 Milanion.

454 2691 696 2736 Lacunam
737 2699 893 2735 autem
935 2690 973 2735 si
1010 2691 1268 2743 statuimus,
1310 2691 1429 2735 duos
1460 2705 1626 2734 versus
1655 2688 1944 2734 intercidisse
1975 2703 2168 2734 necesse

452 2794 535 2831 est.
574 2786 630 2830 In
668 2785 741 2830 his
779 2785 965 2830 duobus
1002 2785 1218 2831 versibus
1255 2793 1334 2829 aut
1372 2785 1433 2830 de
1463 2785 1641 2830 retibus
1670 2793 1850 2829 tantum
1881 2798 2038 2829 sermo
2068 2783 2166 2836 fuit,

451 2889 530 2925 aut
561 2881 700 2926 etiam
732 2881 858 2926 aliud
885 2890 1023 2933 poeta
1047 2880 1267 2926 narravit.
1293 2880 1395 2925 Aut
1432 2880 1569 2934 igitur
1609 2879 1882 2933 Propertius
1921 2878 2167 2924 verbosior

451 2975 536 3020 tuit
566 2991 709 3028 quam
740 2975 888 3028 Naso,
919 2977 1048 3029 quod
1079 2991 1175 3021 non
1206 2976 1343 3021 facile
1371 2974 1669 3027 crediderim,
1695 2983 1774 3019 aut
1790 2973 1994 3019 Ovidius
2009 2974 2164 3019 locum

450 3086 616 3124 parum
667 3080 881 3116 accurate
933 3071 1150 3116 reddidit.
1203 3070 1341 3116 Tunc
1392 3079 1548 3115 autem
1601 3084 1708 3114 meo
1760 3069 1863 3114 iure
1907 3077 2034 3122 rogo,
2080 3082 2165 3112 cur

449 3166 674 3211 omissum
706 3182 897 3212 versum
929 3166 988 3212 ab
1026 3165 1205 3212 Ovidio
1242 3181 1430 3212 sumere
1460 3166 1609 3218 liceat,
1646 3164 1856 3210 additum
1888 3177 1984 3208 non
2014 3162 2163 3208 liceat.

367 3379 398 3425 ¹)
446 3384 492 3417 cf.
519 3383 591 3418 Ov.
613 3383 714 3417 Fast.
740 3383 788 3417 V.
817 3382 894 3417 176.

363 3462 390 3508 ²)
439 3466 528 3500 JPh.
553 3463 652 3507 XVI,
678 3477 711 3506 Ρ.
737 3466 782 3499 22
810 3465 867 3500 59.
