2566 3886
1108 261 1375 306 —154—

447 394 718 439 coniectura
761 408 787 438 a
801 409 847 438 m
861 401 961 438 ato
974 408 998 437 r
1040 392 1213 437 reiecta
1253 407 1281 437 a
1294 407 1340 437 m
1356 408 1385 438 o
1398 408 1422 437 r
1454 409 1485 447 q
1499 409 1529 439 u
1544 393 1558 438 i
1590 394 1728 447 aequi
1759 394 1968 449 bonique
2000 411 2166 442 consu·

450 490 643 534 lendum
661 489 731 533 sit.
760 488 1022 533 Amorem
1055 497 1211 534 autem
1244 503 1308 533 re
1325 497 1494 534 stare
1526 497 1584 534 et
1616 489 1814 535 minas
1845 491 2167 537 sustinere

450 599 520 628 au
535 599 598 628 re
646 583 721 628 im
738 599 824 628 me
839 584 889 628 ri
905 592 961 628 ta
1008 599 1068 628 ne
1116 583 1220 637 quis
1260 583 1509 636 improbet,
1541 598 1764 637 comparo
1795 599 1975 637 versus,
2007 587 2168 640 quales

451 688 559 724 sunt
592 679 627 731 Ι,
663 678 732 731 13,
765 678 836 723 23.
870 678 941 723 24.

453 773 628 827 Neque
666 783 822 819 tamen
855 774 985 819 locus
1017 774 1131 819 vitio
1158 782 1305 826 caret;
1337 783 1464 819 recte
1484 775 1610 820 enim
1629 775 1789 820 scribit
1806 773 2170 833 Phillimorius¹)

454 867 587 927 (CR.
605 869 767 921 XXV,
786 885 829 922 p.
851 868 932 927 12)
948 884 956 913 :
992 870 1310 922 „Parallelism
1342 878 1548 923 suggests
1571 870 1668 914 that
1684 870 1763 915 the
1780 870 2052 916 hexameter
2067 885 2170 923 pre-

452 953 598 1018 pared
630 965 702 1010 for
747 965 1061 1010 immerita
1107 965 1389 1010 sustinet
1425 980 1573 1010 aure
1605 965 1803 1011 minas
1835 981 1966 1011 some
1998 966 2168 1019 phrase

452 1061 527 1106 for
558 1060 894 1114 scolding’&

456 1156 664 1202 Versum
698 1156 834 1209 igitur
865 1171 924 1201 ex
958 1156 1304 1210 Langermanni
1336 1156 1607 1201 coniectura
1637 1156 1854 1202 restituo:

609 1260 654 1296 at
685 1252 815 1297 nullo
846 1251 1066 1297 dominae
1099 1252 1263 1297 teritur
1296 1251 1384 1297 sub
1416 1252 1613 1297 crimine
1644 1267 1777 1297 amor
1807 1252 1889 1304 qui

728 1355 882 1391 restat.

321 1443 392 1489 25.
410 1443 480 1488 26.
514 1443 794 1488 Rothsteinii
811 1442 1047 1487 annotatio
1078 1451 1125 1487 et
1155 1457 1320 1488 versus
1351 1457 1410 1487 ex
1442 1441 1579 1495 Copa
1610 1441 1732 1496 Ssq.:

455 1539 569 1593 quid
601 1539 729 1584 iuvat
760 1539 938 1584 aestivo
969 1539 1204 1584 defessum
1237 1540 1433 1591 pulvere
1464 1538 1638 1583 abisse:

604 1649 745 1688 quam
778 1634 931 1686 potius
962 1633 1075 1679 vivo
1107 1633 1386 1679 decubuisse
1417 1632 1546 1678 toro!

454 1729 534 1774 ubi
582 1729 795 1782 potius
835 1744 1012 1782 quam
1050 1736 1389 1782 exspectamus,
1422 1743 1498 1774 me
1529 1728 1712 1781 retinet,
1743 1727 1996 1780 quominus
2027 1735 2171 1772 ante

453 1840 594 1869 versu
612 1824 669 1870 26
685 1822 1027 1883 (Baehrensius
1041 1839 1148 1869 cum
1167 1824 1292 1868 Italis
1315 1839 1342 1869 a
1354 1832 1406 1869 rt
1420 1838 1467 1876 e3
1490 1823 1789 1868 Burmannus
1810 1838 1837 1888 a
1849 1839 1880 1868 x
1893 1820 1947 1880 e)
1979 1831 2171 1868 mutem.
2217 1831 2220 1834 ’

320 2016 391 2061 31.
410 2015 481 2061 32.
501 2016 725 2068 Namque
758 2015 805 2060 in
839 2030 1000 2060 amore
1032 2030 1118 2060 suo
1150 2029 1338 2068 semper
1369 2030 1453 2060 sua
1483 2014 1687 2060 maxima
1717 2013 1888 2066 cuique

325 2778 395 2824 38.

605 2111 765 2156 nescio
796 2126 893 2164 quo
924 2119 1060 2165 pacto
1091 2111 1239 2156 verba
1269 2125 1442 2156 nocere
1474 2110 1638 2155 solent.

457 2207 616 2253 Versu
663 2206 718 2252 31
769 2207 1083 2252 Baehrensius
1130 2221 1217 2259 pro
1274 2221 1383 2251 suo
1440 2219 1573 2250 novo
1632 2206 1785 2259 legere
1846 2205 2043 2256 mavult3
2088 2205 2172 2250 sed

457 2303 660 2348 maxima
690 2302 836 2348 verba
867 2317 962 2347 non
995 2302 1146 2347 solum
1178 2302 1227 2347 in
1259 2317 1386 2347 novo
1417 2316 1577 2346 amore
1609 2308 1794 2352 nocent,
1827 2300 1910 2345 sed
1942 2308 1989 2344 et
2005 2299 2172 2345 ceteris

457 2398 504 2442 in
536 2397 678 2442 rebus
695 2395 738 2455 2)
769 2398 942 2442 damno
974 2406 1082 2442 sunt
1113 2406 1159 2442 et
1191 2397 1237 2442 in
1270 2410 1454 2448 amore;
1487 2411 1572 2441 cur
1603 2395 1651 2440 in
1683 2410 1809 2440 novo
1835 2409 1996 2440 amore
2028 2394 2172 2448 magis

457 2502 669 2545 noceant,
717 2508 948 2546 nusquam
996 2493 1205 2546 legimus.
1249 2491 1368 2537 Suo
1426 2492 1516 2536 hoc
1563 2491 1667 2535 loco
1713 2490 1839 2535 idem
1877 2490 2001 2535 valet
2032 2497 2171 2542 atque

457 2589 737 2634 secundo
768 2586 854 2646 (cf.
887 2603 955 2633 vs,
988 2585 1145 2645 27).³)

458 2779 673 2833 quamvis
705 2788 750 2824 te
784 2794 1010 2832 persaepe
1042 2787 1193 2830 vocet,
1227 2778 1371 2823 semel
1403 2778 1471 2822 ire
1504 2784 1755 2821 memento.

456 2874 620 2920 Verba
666 2875 858 2919 semel
890 2874 982 2918 ire
1027 2881 1337 2918 memento
1369 2871 1482 2916 viris
1514 2871 1662 2916 doctis
1693 2870 1865 2915 mirum
1898 2869 1945 2914 in
1975 2869 2171 2914 modum

458 2978 646 3023 magnas
674 2969 962 3014 difficultates
993 2968 1324 3022 praebuerunt.
1358 2967 1689 3011 Lachmannus
1721 2965 1787 3010 sic
1812 2963 1994 3009 scribit:
2019 2963 2174 3015 „inep-

457 3075 556 3110 tum
601 3066 691 3110 hoc
735 3074 819 3117 est,
866 3065 1011 3109 immo
1055 3063 1285 3117 putidum,
1333 3063 1476 3115 quod,
1522 3061 1738 3114 quamvis
1787 3074 1926 3112 saepe
1960 3074 1987 3103 a
2017 3058 2173 3112 puella

375 3208 404 3254 Ι)
453 3212 567 3252 {psius
608 3211 827 3245 Phillimorii
865 3210 1096 3244 coniectura:
1135 3216 1198 3250 „at
1235 3209 1333 3243 nulla
1373 3207 1545 3242 dominae
1577 3206 1710 3240 teritur
1736 3205 1802 3239 sub
1830 3205 1894 3239 lite
1921 3214 2064 3238 memor
2088 3203 2173 3244 qur·

326 3279 363 3305 et
388 3272 547 3306 obscura
572 3278 629 3305 est
655 3278 692 3304 et
718 3271 861 3312 longius
888 3271 993 3304 abest
1018 3281 1038 3303 a
1064 3269 1235 3303 ductibus
1261 3268 1480 3302 litterarum.

378 3327 409 3373 ²)
460 3330 568 3370 Soph.
595 3330 685 3363 Ant.
714 3329 799 3363 127:

594 3384 704 3436 Ζεύς
732 3389 821 3443 γὰρ
850 3384 1053 3443 μεγάλης
1081 3385 1296 3442 γλώσσης
1325 3386 1540 3439 κόμπους
1569 3378 1920 3439 ὑπερεχθαίρει.

377 3458 407 3504 ³)
457 3461 510 3496 sic
537 3460 732 3495 Housman
758 3471 902 3501 quoque
928 3456 1033 3501 (JPh,
1059 3458 1152 3493 XVI
1181 3470 1212 3500 p.
1239 3454 1312 3501 3³).
