2566 3886
1103 262 1369 308 —104—

1037 460 1291 507 ELEGIA
1323 461 1435 507 XII.

339 592 380 637 6.
444 591 579 637 Fecit
609 601 654 637 et
685 593 894 637 humano
926 593 1070 638 corde
1101 592 1262 638 volare
1294 593 1453 638 deum.

443 687 585 732 Multi
617 695 725 732 sunt
756 687 836 740 qui
868 688 995 732 hunc
1027 703 1218 734 versum
1251 689 1316 734 sic
1348 704 1375 734 a
1406 689 1654 742 Propertio
1693 690 1919 743 scriptum
1944 704 2159 735 essenon

444 784 663 835 credant3
709 783 981 836 Postgatius,
1019 783 1067 827 in
1099 784 1355 830 editionem
1387 784 1496 829 anni
1532 783 1646 829 1894
1679 784 1891 830 Nodellii
1930 785 2162 830 coniectu-

444 893 544 923 ram
583 878 774 931 recepit,
818 893 938 931 quae
977 878 1115 923 etiam
1148 879 1206 923 ab
1240 879 1522 924 Housmano
1553 876 1696 937 (JPh.
1728 879 1865 932 XVI,
1897 895 1942 933 p.
1974 877 2028 937 5)
2058 895 2162 933 pro-

445 973 595 1026 posita
627 981 722 1018 est:

597 1067 711 1113 fecit
741 1077 788 1113 et
819 1069 911 1113 hau
944 1083 1068 1113 vano
1100 1068 1245 1113 corde
1277 1068 1437 1113 volare
1469 1069 1627 1113 deum.

447 1161 539 1207 Sed
587 1163 714 1207 nulla
759 1179 877 1216 opus
923 1172 993 1208 est
1030 1163 1314 1215 coniectura,
1361 1163 1399 1208 si
1431 1171 1558 1208 recte
1590 1164 1745 1208 locum
1778 1163 2162 1216 interpretamur:

446 1273 635 1311 prorsus
652 1258 779 1303 enim
812 1259 1070 1312 adstipulor
1103 1259 1399 1304 Rothsteinio
1431 1260 1547 1304 haec
1579 1259 1844 1304 adnotanti:
1885 1259 2017 1311 „Der
2048 1259 2164 1305 Gott

445 1353 524 1396 hat
567 1352 730 1397 seinen
778 1351 875 1397 Sitz
921 1352 985 1397 im
1031 1353 1479 1399 Menschenherzen
1511 1354 1865 1408 ausgeschlagen
1898 1355 1995 1399 und
2040 1354 2165 1408 fliegt

447 1448 554 1493 dort
585 1449 768 1500 umhcr,
800 1448 891 1492 wie
923 1448 1000 1493 ein
1032 1448 1185 1502 Vogel
1216 1449 1280 1493 im
1314 1449 1511 1501 Bauer”,
1545 1449 1775 1494 Moschus
1808 1449 1870 1501 ΙΙ,
1905 1449 1983 1494 16:

597 1545 678 1586 καὶ
707 1546 918 1601 πτερόεις
949 1544 1014 1594 ὡς
1046 1545 1174 1601 ὅρνις
1203 1546 1453 1600 ἐφίπταται
1484 1542 1627 1587 ἄλλον
1657 1541 1724 1587 ἐπ’
1760 1543 1901 1601 ἄλλῳ,

599 1641 766 1696 ἀνέρας
796 1638 883 1695 ἠδὲ
912 1645 1151 1696 γυναῖκας,
1183 1641 1264 1683 ἐπὶ
1294 1638 1579 1697 σπλάγχνοις
1609 1638 1661 1682 δὲ
1691 1638 1901 1696 κάθηται

448 1733 699 1778 Praeterea
729 1734 1003 1779 conferendi
1035 1743 1143 1779 sunt
1174 1743 1359 1779 nostrae
1391 1734 1565 1788 elegiae
1597 1749 1761 1779 versus
1795 1733 1992 1779 15—17:

448 1829 634 1874 evolat
666 1829 759 1874 heu
792 1838 987 1874 nostro
1019 1829 1243 1883 quoniam
1275 1830 1342 1874 de
1374 1838 1602 1882 pectore
1635 1844 1891 1885 nunquam,

603 1923 910 1977 assiduusque
942 1939 1050 1969 meo
1082 1924 1346 1977 sanguine
1367 1922 1401 1980 1)
1434 1924 1556 1970 bella
1586 1924 1715 1977 gerit.

452 2019 566 2072 quid
598 2018 681 2063 tibi
712 2018 972 2064 iucundum
1005 2028 1074 2063 est
1105 2019 1300 2063 siccis
1332 2019 1625 2068 habitare
1657 2018 1996 2064 medullis?

453 2122 499 2158 et
531 2113 625 2158 Ov.
657 2113 769 2158 Am.
803 2114 839 2166 I,
874 2113 913 2166 l,
946 2113 1030 2159 26:
1063 2114 1122 2159 in
1155 2130 1352 2159 vacuo
1383 2123 1644 2167 pectore
1676 2123 1836 2168 regnat
1867 2114 2034 2159 Amor.

349 2303 391 2348 8.
453 2312 705 2356 nostraque
738 2319 832 2349 non
865 2303 970 2349 ullis
1001 2313 1246 2358 permanet
1276 2320 1390 2350 aura
1419 2305 1533 2350 locis

454 2399 591 2444 Haec
623 2398 771 2443 verba
801 2414 828 2443 a
860 2398 1093 2452 Postgatio
1117 2408 1338 2452 corrupta
1353 2399 1587 2444 habentur
1603 2397 1725 2456 (vid.
1742 2414 1848 2452 app.
1866 2414 1931 2443 cr.
1949 2398 2168 2444 editionis

456 2493 611 2552 1894),
659 2495 742 2539 sed
775 2494 967 2539 fortasse
1005 2495 1143 2547 aequi
1175 2494 1383 2547 bonique
1415 2494 1704 2539 consulenda
1734 2502 1804 2539 est
1835 2493 2167 2547 interpretatio,

455 2605 597 2644 quam
629 2590 825 2643 legimus
858 2590 905 2635 in
938 2590 1143 2635 editione
1174 2590 1357 2635 Jacobii
1374 2587 1686 2647 (Anthologie
1702 2603 1785 2634 aus
1802 2589 1896 2634 den
1915 2589 2166 2642 Elegikern

452 2685 538 2730 der
586 2685 778 2737 Romen
828 2684 881 2729 3:
930 2685 1155 2739 Properz,
1202 2700 1247 2738 p.
1279 2682 1388 2742 30):
1431 2692 1825 2736 „nostraque
1862 2698 2044 2728 aura:
2083 2684 2169 2729 der

456 2795 545 2825 uns
575 2780 784 2834 giinstige
823 2780 1106 2833 Fahrwind;
1138 2781 1195 2825 cf.
1214 2780 1308 2825 Ov.
1341 2795 1456 2824 rem.
1489 2795 1578 2824 am.
1614 2779 1688 2824 14:
1720 2779 1917 2833 gaudeat
1947 2788 1994 2824 et
2026 2787 2168 2824 vento

454 2875 641 2928 naviget
670 2875 747 2920 ille
790 2876 920 2920 suo”.
963 2875 1243 2920 Rothsteinii
1286 2874 1716 2927 interpretationem
1759 2874 1790 2918 d
1808 2889 1835 2919 e
1852 2889 1876 2918 r
1920 2873 1970 2918 H
1987 2889 2062 2919 au
2079 2874 2167 2926 ch,

456 2971 566 3014 der
596 2969 709 3014 wir
739 2970 875 3015 sind
907 2970 1108 3022 probare
1137 2985 1232 3015 non
1265 2985 1471 3023 possum,
1503 2970 1612 3022 quia
1630 2969 1878 3023 imaginem
1895 2970 2169 3015 hexametro

455 3080 724 3119 expressam
757 3066 944 3111 deserit.

324 3243 393 3288 12.
455 3258 544 3288 nec
575 3243 823 3296 quisquam
855 3258 915 3289 ex
946 3243 1025 3289 illo
1056 3244 1254 3289 vulnere
1286 3257 1425 3288 sanus
1457 3243 1552 3288 abit

456 3337 628 3382 mirum
643 3338 771 3390 quod
790 3338 1102 3384 Baehrensius
1114 3354 1201 3392 pro
1209 3338 1409 3384 lectione
1426 3338 1726 3391 Neapolitani
1758 3338 1873 3383 abit
1887 3338 2020 3383 cuius
2033 3337 2167 3383 verbi

373 3443 398 3490 ¹)
423 3458 541 3490 neque
566 3446 665 3481 enim
686 3457 770 3482 cum
787 3447 1023 3485 Rothsteinio
1050 3460 1067 3485 ι
1078 3455 1159 3492 ang
1169 3449 1248 3483 uin
1259 3460 1279 3483 e
1307 3459 1372 3490 pro
1398 3450 1420 3485 d
1431 3460 1452 3483 a
1466 3456 1481 3483 t
1491 3447 1503 3482 i
1514 3461 1537 3484 v
1547 3460 1569 3483 ο
1595 3448 1726 3489 habco,
1741 3449 1805 3482 ned
1820 3458 1888 3489 pro
1902 3447 2065 3483 ablativo
2079 3446 2166 3483 loci.
