<?xml version="1.0" encoding="UTF-8"?>
<!DOCTYPE html PUBLIC "-//W3C//DTD XHTML 1.0 Transitional//EN"
    "http://www.w3.org/TR/xhtml1/DTD/xhtml1-transitional.dtd">
<html xmlns="http://www.w3.org/1999/xhtml" xml:lang="en" lang="en">
 <head>
  <title>
</title>
<meta http-equiv="Content-Type" content="text/html;charset=utf-8" />
  <meta name='ocr-system' content='tesseract 3.04.00' />
  <meta name='ocr-capabilities' content='ocr_page ocr_carea ocr_par ocr_line ocrx_word'/>
</head>
<body>
  <div class='ocr_page' id='page_1' title='image "./adpropertiicarmi00enkpuoft_0140.png"; bbox 0 0 2566 3886; ppageno 0'>
   <div class='ocr_carea' id='block_1_1' title="bbox 292 2593 363 2637">
    <p class='ocr_par' dir='ltr' id='par_1_1' title="bbox 292 2593 363 2637">
     <span class='ocr_line' id='line_1_1' title="bbox 292 2593 363 2637; baseline 0 0"><span class='ocrx_word' id='word_1_1' title='bbox 292 2593 363 2637; x_wconf 88' lang='lat'><strong>46.</strong></span> 
     </span>
    </p>
   </div>
   <div class='ocr_carea' id='block_1_2' title="bbox 1070 259 1337 305">
    <p class='ocr_par' dir='ltr' id='par_1_2' title="bbox 1070 259 1337 305">
     <span class='ocr_line' id='line_1_2' title="bbox 1070 259 1337 305; baseline -0.004 0"><span class='ocrx_word' id='word_1_2' title='bbox 1070 259 1337 305; x_wconf 86' lang='lat'>-124-</span> 
     </span>
    </p>
   </div>
   <div class='ocr_carea' id='block_1_3' title="bbox 414 390 2142 2351">
    <p class='ocr_par' dir='ltr' id='par_1_3' title="bbox 414 390 1607 445">
     <span class='ocr_line' id='line_1_3' title="bbox 414 390 1607 445; baseline 0.003 -11"><span class='ocrx_word' id='word_1_3' title='bbox 414 391 540 435; x_wconf 87' lang='lat' dir='ltr'><strong>hunc</strong></span> <span class='ocrx_word' id='word_1_4' title='bbox 573 390 758 435; x_wconf 88' lang='lat' dir='ltr'><strong>infamis</strong></span> <span class='ocrx_word' id='word_1_5' title='bbox 790 404 922 435; x_wconf 89' lang='lat' dir='ltr'><strong>amor</strong></span> <span class='ocrx_word' id='word_1_6' title='bbox 954 390 1102 435; x_wconf 84' lang='lat' dir='ltr'><strong>versis</strong></span> <span class='ocrx_word' id='word_1_7' title='bbox 1135 391 1247 436; x_wconf 90' lang='lat' dir='ltr'><strong>dare</strong></span> <span class='ocrx_word' id='word_1_8' title='bbox 1278 400 1407 445; x_wconf 76' lang='lat' dir='ltr'><strong>terga</strong></span> <span class='ocrx_word' id='word_1_9' title='bbox 1437 393 1607 438; x_wconf 89' lang='lat' dir='ltr'><strong>carinis</strong></span> 
     </span>
    </p>

    <p class='ocr_par' dir='ltr' id='par_1_4' title="bbox 414 486 2133 730">
     <span class='ocr_line' id='line_1_4' title="bbox 534 486 1674 543; baseline 0.003 -12"><span class='ocrx_word' id='word_1_10' title='bbox 534 486 664 531; x_wconf 91' lang='lat' dir='ltr'><strong>iussit</strong></span> <span class='ocrx_word' id='word_1_11' title='bbox 695 495 742 531; x_wconf 91' lang='lat' dir='ltr'><strong>et</strong></span> <span class='ocrx_word' id='word_1_12' title='bbox 773 495 985 531; x_wconf 85' lang='lat' dir='ltr'><strong>extremo</strong></span> <span class='ocrx_word' id='word_1_13' title='bbox 1016 501 1245 540; x_wconf 82' lang='lat' dir='ltr'><strong>quaerere</strong></span> <span class='ocrx_word' id='word_1_14' title='bbox 1277 487 1324 532; x_wconf 92' lang='lat' dir='ltr'><strong>in</strong></span> <span class='ocrx_word' id='word_1_15' title='bbox 1357 488 1472 533; x_wconf 90' lang='lat' dir='ltr'><strong>orbe</strong></span> <span class='ocrx_word' id='word_1_16' title='bbox 1503 488 1674 543; x_wconf 79' lang='lat' dir='ltr'><strong>fugam.</strong></span> 
     </span>
     <span class='ocr_line' id='line_1_5' title="bbox 414 580 2133 638; baseline 0.003 -13"><span class='ocrx_word' id='word_1_17' title='bbox 414 580 461 626; x_wconf 91' lang='lat' dir='ltr'><strong>Si</strong></span> <span class='ocrx_word' id='word_1_18' title='bbox 494 581 583 625; x_wconf 91' lang='lat' dir='ltr'><strong>hoc</strong></span> <span class='ocrx_word' id='word_1_19' title='bbox 615 581 886 635; x_wconf 87' lang='lat' dir='ltr'><strong>exemplum</strong></span> <span class='ocrx_word' id='word_1_20' title='bbox 918 581 1128 634; x_wconf 81' lang='lat' dir='ltr'><strong>legimus,</strong></span> <span class='ocrx_word' id='word_1_21' title='bbox 1160 582 1265 634; x_wconf 92' lang='lat' dir='ltr'><strong>quis</strong></span> <span class='ocrx_word' id='word_1_22' title='bbox 1297 597 1392 627; x_wconf 92' lang='lat' dir='ltr'><strong>non</strong></span> <span class='ocrx_word' id='word_1_23' title='bbox 1410 583 1604 629; x_wconf 88' lang='lat' dir='ltr'><strong>miratur</strong></span> <span class='ocrx_word' id='word_1_24' title='bbox 1620 585 1754 638; x_wconf 91' lang='lat' dir='ltr'><strong>sequi</strong></span> <span class='ocrx_word' id='word_1_25' title='bbox 1769 585 1860 631; x_wconf 93' lang='lat' dir='ltr'><strong>hoc</strong></span> <span class='ocrx_word' id='word_1_26' title='bbox 1877 585 2133 631; x_wconf 83' lang='lat' dir='ltr'>distichon:</span> 
     </span>
     <span class='ocr_line' id='line_1_6' title="bbox 414 675 1734 730; baseline 0.002 -9"><span class='ocrx_word' id='word_1_27' title='bbox 414 675 630 721; x_wconf 84' lang='lat' dir='ltr'><strong>Caesaris</strong></span> <span class='ocrx_word' id='word_1_28' title='bbox 662 677 778 721; x_wconf 90' lang='lat' dir='ltr'><strong>haec</strong></span> <span class='ocrx_word' id='word_1_29' title='bbox 810 677 958 721; x_wconf 90' lang='lat' dir='ltr'><strong>virtus</strong></span> <span class='ocrx_word' id='word_1_30' title='bbox 989 685 1035 721; x_wconf 90' lang='lat' dir='ltr'><strong>et</strong></span> <span class='ocrx_word' id='word_1_31' title='bbox 1066 676 1211 730; x_wconf 78' lang='lat' dir='ltr'><strong>gloria</strong></span> <span class='ocrx_word' id='word_1_32' title='bbox 1242 676 1460 723; x_wconf 83' lang='lat' dir='ltr'><strong>Caesaris</strong></span> <span class='ocrx_word' id='word_1_33' title='bbox 1493 679 1609 724; x_wconf 89' lang='lat' dir='ltr'><strong>haec</strong></span> <span class='ocrx_word' id='word_1_34' title='bbox 1642 688 1734 724; x_wconf 91' lang='lat' dir='ltr'><strong>est:</strong></span> 
     </span>
    </p>

    <p class='ocr_par' dir='ltr' id='par_1_5' title="bbox 415 772 2142 2351">
     <span class='ocr_line' id='line_1_7' title="bbox 534 772 1518 824; baseline 0.002 -8"><span class='ocrx_word' id='word_1_35' title='bbox 534 772 624 824; x_wconf 90' lang='lat' dir='ltr'><strong>illa,</strong></span> <span class='ocrx_word' id='word_1_36' title='bbox 657 787 750 824; x_wconf 93' lang='lat' dir='ltr'><strong>qua</strong></span> <span class='ocrx_word' id='word_1_37' title='bbox 781 772 907 824; x_wconf 92' lang='lat' dir='ltr'><strong>vicit,</strong></span> <span class='ocrx_word' id='word_1_38' title='bbox 939 772 1149 817; x_wconf 89' lang='lat' dir='ltr'>condidit</span> <span class='ocrx_word' id='word_1_39' title='bbox 1179 787 1310 817; x_wconf 89' lang='lat' dir='ltr'><strong>arma</strong></span> <span class='ocrx_word' id='word_1_40' title='bbox 1340 772 1518 818; x_wconf 76' lang='lat' dir='ltr'><strong>manu?</strong></span> 
     </span>
     <span class='ocr_line' id='line_1_8' title="bbox 416 867 1197 913; baseline -0.001 0"><span class='ocrx_word' id='word_1_41' title='bbox 416 867 511 913; x_wconf 92' lang='lat' dir='ltr'><strong>Sed</strong></span> <span class='ocrx_word' id='word_1_42' title='bbox 543 868 789 913; x_wconf 89' lang='lat' dir='ltr'><strong>videamus</strong></span> <span class='ocrx_word' id='word_1_43' title='bbox 822 867 1197 913; x_wconf 89' lang='lat' dir='ltr'><strong>Rothsteinium:</strong></span> 
     </span>
     <span class='ocr_line' id='line_1_9' title="bbox 417 963 2135 1018; baseline 0.002 -11"><span class='ocrx_word' id='word_1_44' title='bbox 417 963 539 1017; x_wconf 86' lang='lat' dir='ltr'><strong>„Die</strong></span> <span class='ocrx_word' id='word_1_45' title='bbox 587 963 893 1017; x_wconf 66' lang='lat' dir='ltr'><strong>Erwfihnung</strong></span> <span class='ocrx_word' id='word_1_46' title='bbox 937 964 1024 1008; x_wconf 92' lang='lat' dir='ltr'><strong>der</strong></span> <span class='ocrx_word' id='word_1_47' title='bbox 1070 963 1287 1009; x_wconf 89' lang='lat' dir='ltr'><strong>Schlacht</strong></span> <span class='ocrx_word' id='word_1_48' title='bbox 1334 979 1429 1009; x_wconf 90' lang='lat' dir='ltr'><strong>von</strong></span> <span class='ocrx_word' id='word_1_49' title='bbox 1476 963 1670 1009; x_wconf 87' lang='lat' dir='ltr'><strong>Actium</strong></span> <span class='ocrx_word' id='word_1_50' title='bbox 1708 965 1832 1018; x_wconf 80' lang='lat' dir='ltr'><strong>giebt</strong></span> <span class='ocrx_word' id='word_1_51' title='bbox 1863 964 2043 1010; x_wconf 88' lang='lat' dir='ltr'><strong>Anlasz</strong></span> <span class='ocrx_word' id='word_1_52' title='bbox 2073 981 2135 1011; x_wconf 91' lang='lat' dir='ltr'><strong>zu</strong></span> 
     </span>
     <span class='ocr_line' id='line_1_10' title="bbox 415 1058 2138 1112; baseline 0.002 -9"><span class='ocrx_word' id='word_1_53' title='bbox 415 1058 548 1103; x_wconf 89' lang='lat' dir='ltr'><strong>einer</strong></span> <span class='ocrx_word' id='word_1_54' title='bbox 585 1059 768 1103; x_wconf 89' lang='lat' dir='ltr'><strong>kurzen</strong></span> <span class='ocrx_word' id='word_1_55' title='bbox 803 1058 1080 1112; x_wconf 78' lang='lat' dir='ltr'><strong>Huldigung</strong></span> <span class='ocrx_word' id='word_1_56' title='bbox 1111 1059 1185 1103; x_wconf 80' lang='lat' dir='ltr'><strong>fiir</strong></span> <span class='ocrx_word' id='word_1_57' title='bbox 1216 1059 1309 1104; x_wconf 91' lang='lat' dir='ltr'><strong>den</strong></span> <span class='ocrx_word' id='word_1_58' title='bbox 1343 1058 1520 1110; x_wconf 84' lang='lat' dir='ltr'><strong>Kaiser,</strong></span> <span class='ocrx_word' id='word_1_59' title='bbox 1552 1074 1648 1104; x_wconf 92' lang='lat' dir='ltr'><strong>von</strong></span> <span class='ocrx_word' id='word_1_60' title='bbox 1680 1060 1790 1104; x_wconf 93' lang='lat' dir='ltr'><strong>dem</strong></span> <span class='ocrx_word' id='word_1_61' title='bbox 1822 1061 1908 1105; x_wconf 88' lang='lat' dir='ltr'><strong>der</strong></span> <span class='ocrx_word' id='word_1_62' title='bbox 1940 1060 2138 1106; x_wconf 84' lang='lat' dir='ltr'><strong>Dichter</strong></span> 
     </span>
     <span class='ocr_line' id='line_1_11' title="bbox 416 1153 2137 1209; baseline 0.001 -11"><span class='ocrx_word' id='word_1_63' title='bbox 416 1162 511 1198; x_wconf 91' lang='lat' dir='ltr'><strong>erst</strong></span> <span class='ocrx_word' id='word_1_64' title='bbox 551 1153 635 1198; x_wconf 91' lang='lat' dir='ltr'><strong>mit</strong></span> <span class='ocrx_word' id='word_1_65' title='bbox 665 1154 775 1198; x_wconf 90' lang='lat' dir='ltr'><strong>dem</strong></span> <span class='ocrx_word' id='word_1_66' title='bbox 807 1153 1173 1199; x_wconf 90' lang='lat' dir='ltr'><strong>abbrechenden</strong></span> <span class='ocrx_word' id='word_1_67' title='bbox 1220 1169 1242 1198; x_wconf 93' lang='lat' dir='ltr'><strong>s</strong></span> <span class='ocrx_word' id='word_1_68' title='bbox 1259 1169 1285 1198; x_wconf 93' lang='lat' dir='ltr'><strong>e</strong></span> <span class='ocrx_word' id='word_1_69' title='bbox 1303 1154 1333 1198; x_wconf 93' lang='lat' dir='ltr'><strong>d</strong></span> <span class='ocrx_word' id='word_1_70' title='bbox 1380 1154 1560 1199; x_wconf 89' lang='lat' dir='ltr'><strong>wieder</strong></span> <span class='ocrx_word' id='word_1_71' title='bbox 1590 1170 1651 1199; x_wconf 94' lang='lat' dir='ltr'><strong>zu</strong></span> <span class='ocrx_word' id='word_1_72' title='bbox 1684 1155 1793 1199; x_wconf 90' lang='lat' dir='ltr'><strong>dem</strong></span> <span class='ocrx_word' id='word_1_73' title='bbox 1828 1155 2137 1209; x_wconf 76' lang='lat' dir='ltr'><strong>cigentlichen</strong></span> 
     </span>
     <span class='ocr_line' id='line_1_12' title="bbox 418 1248 1461 1302; baseline 0 -9"><span class='ocrx_word' id='word_1_74' title='bbox 418 1248 722 1302; x_wconf 78' lang='lat' dir='ltr'><strong>Gegenstand</strong></span> <span class='ocrx_word' id='word_1_75' title='bbox 754 1250 841 1294; x_wconf 89' lang='lat' dir='ltr'><strong>der</strong></span> <span class='ocrx_word' id='word_1_76' title='bbox 874 1249 1034 1302; x_wconf 80' lang='lat' dir='ltr'><strong>Elegie</strong></span> <span class='ocrx_word' id='word_1_77' title='bbox 1065 1249 1247 1294; x_wconf 85' lang='lat' dir='ltr'><strong>zuriick</strong></span> <span class='ocrx_word' id='word_1_78' title='bbox 1279 1249 1461 1294; x_wconf 88' lang='lat' dir='ltr'><strong>kehrt&#39;’.</strong></span> 
     </span>
     <span class='ocr_line' id='line_1_13' title="bbox 419 1344 2138 1398; baseline 0.001 -10"><span class='ocrx_word' id='word_1_79' title='bbox 419 1344 663 1397; x_wconf 88' lang='lat' dir='ltr'><strong>Paulisper</strong></span> <span class='ocrx_word' id='word_1_80' title='bbox 679 1344 875 1389; x_wconf 90' lang='lat' dir='ltr'><strong>credere</strong></span> <span class='ocrx_word' id='word_1_81' title='bbox 906 1344 1016 1389; x_wconf 89' lang='lat' dir='ltr'><strong>volo</strong></span> <span class='ocrx_word' id='word_1_82' title='bbox 1048 1352 1233 1396; x_wconf 87' lang='lat' dir='ltr'><strong>poetam</strong></span> <span class='ocrx_word' id='word_1_83' title='bbox 1261 1344 1554 1397; x_wconf 89' lang='lat' dir='ltr'><strong>imperatoris</strong></span> <span class='ocrx_word' id='word_1_84' title='bbox 1570 1344 1791 1390; x_wconf 86' lang='lat' dir='ltr'><strong>laudandi</strong></span> <span class='ocrx_word' id='word_1_85' title='bbox 1808 1360 1947 1390; x_wconf 91' lang='lat' dir='ltr'><strong>causa</strong></span> <span class='ocrx_word' id='word_1_86' title='bbox 1962 1345 2138 1398; x_wconf 92' lang='lat' dir='ltr'><strong>aliquid</strong></span> 
     </span>
     <span class='ocr_line' id='line_1_14' title="bbox 417 1439 2137 1494; baseline 0.001 -10"><span class='ocrx_word' id='word_1_87' title='bbox 417 1441 477 1484; x_wconf 93' lang='lat' dir='ltr'><strong>de</strong></span> <span class='ocrx_word' id='word_1_88' title='bbox 509 1439 609 1484; x_wconf 91' lang='lat' dir='ltr'><strong>eius</strong></span> <span class='ocrx_word' id='word_1_89' title='bbox 642 1439 783 1484; x_wconf 91' lang='lat' dir='ltr'><strong>rebus</strong></span> <span class='ocrx_word' id='word_1_90' title='bbox 815 1439 952 1492; x_wconf 82' lang='lat' dir='ltr'><strong>gestis</strong></span> <span class='ocrx_word' id='word_1_91' title='bbox 984 1439 1178 1483; x_wconf 88' lang='lat' dir='ltr'><strong>carmini</strong></span> <span class='ocrx_word' id='word_1_92' title='bbox 1210 1439 1489 1491; x_wconf 88' lang='lat' dir='ltr'><strong>inseruisse;</strong></span> <span class='ocrx_word' id='word_1_93' title='bbox 1518 1448 1681 1493; x_wconf 78' lang='lat' dir='ltr'><strong>rogare</strong></span> <span class='ocrx_word' id='word_1_94' title='bbox 1709 1448 1865 1485; x_wconf 89' lang='lat' dir='ltr'><strong>tamen</strong></span> <span class='ocrx_word' id='word_1_95' title='bbox 1898 1455 2137 1494; x_wconf 86' lang='lat' dir='ltr'><strong>quemque</strong></span> 
     </span>
     <span class='ocr_line' id='line_1_15' title="bbox 418 1533 2140 1588; baseline 0.001 -9"><span class='ocrx_word' id='word_1_96' title='bbox 418 1535 648 1588; x_wconf 81' lang='lat' dir='ltr'><strong>legentem</strong></span> <span class='ocrx_word' id='word_1_97' title='bbox 696 1534 854 1586; x_wconf 89' lang='lat' dir='ltr'><strong>velim,</strong></span> <span class='ocrx_word' id='word_1_98' title='bbox 901 1533 1015 1586; x_wconf 94' lang='lat' dir='ltr'><strong>quid</strong></span> <span class='ocrx_word' id='word_1_99' title='bbox 1063 1542 1390 1586; x_wconf 85' lang='lat' dir='ltr'><strong>exspectemus</strong></span> <span class='ocrx_word' id='word_1_100' title='bbox 1433 1535 1646 1587; x_wconf 88' lang='lat' dir='ltr'><strong>sequenti</strong></span> <span class='ocrx_word' id='word_1_101' title='bbox 1693 1550 1860 1580; x_wconf 89' lang='lat' dir='ltr'><strong>versu:</strong></span> <span class='ocrx_word' id='word_1_102' title='bbox 1909 1535 2140 1581; x_wconf 91' lang='lat' dir='ltr'><strong>eiusmodi</strong></span> 
     </span>
     <span class='ocr_line' id='line_1_16' title="bbox 419 1630 847 1683; baseline -0.002 -7"><span class='ocrx_word' id='word_1_103' title='bbox 419 1630 534 1683; x_wconf 90' lang='lat' dir='ltr'><strong>quid</strong></span> <span class='ocrx_word' id='word_1_104' title='bbox 567 1630 656 1675; x_wconf 92' lang='lat' dir='ltr'><strong>nisi</strong></span> <span class='ocrx_word' id='word_1_105' title='bbox 687 1630 847 1675; x_wconf 76' lang='lat' dir='ltr'><strong>fallor:</strong></span> 
     </span>
     <span class='ocr_line' id='line_1_17' title="bbox 422 1725 2140 1779; baseline 0.001 -9"><span class='ocrx_word' id='word_1_106' title='bbox 422 1725 773 1778; x_wconf 89' lang='lat' dir='ltr'><strong>„Caesaris</strong></span> <span class='ocrx_word' id='word_1_107' title='bbox 847 1726 1007 1770; x_wconf 92' lang='lat' dir='ltr'><strong>haec</strong></span> <span class='ocrx_word' id='word_1_108' title='bbox 1068 1725 1287 1779; x_wconf 77' lang='lat' dir='ltr'><strong>gloria</strong></span> <span class='ocrx_word' id='word_1_109' title='bbox 1348 1733 1447 1770; x_wconf 91' lang='lat' dir='ltr'><strong>est</strong></span> <span class='ocrx_word' id='word_1_110' title='bbox 1507 1726 1618 1779; x_wconf 92' lang='lat' dir='ltr'><strong>qui</strong></span> <span class='ocrx_word' id='word_1_111' title='bbox 1681 1726 1912 1771; x_wconf 90' lang='lat' dir='ltr'><strong>ducem</strong></span> <span class='ocrx_word' id='word_1_112' title='bbox 1975 1726 2140 1771; x_wconf 89' lang='lat' dir='ltr'><strong>male</strong></span> 
     </span>
     <span class='ocr_line' id='line_1_18' title="bbox 421 1820 1829 1885; baseline -0.001 -19"><span class='ocrx_word' id='word_1_113' title='bbox 421 1836 647 1867; x_wconf 88' lang='lat' dir='ltr'><strong>sanum</strong></span> <span class='ocrx_word' id='word_1_114' title='bbox 695 1821 933 1866; x_wconf 87' lang='lat' dir='ltr'><strong>merita</strong></span> <span class='ocrx_word' id='word_1_115' title='bbox 977 1835 1190 1874; x_wconf 92' lang='lat' dir='ltr'><strong>poena</strong></span> <span class='ocrx_word' id='word_1_116' title='bbox 1235 1820 1597 1865; x_wconf 57' lang='lat' dir='ltr'><strong>affeceriff’.</strong></span> <span class='ocrx_word' id='word_1_117' title='bbox 1824 1880 1829 1885; x_wconf 13' lang='grc' dir='ltr'>κ</span> 
     </span>
     <span class='ocr_line' id='line_1_19' title="bbox 422 1916 2139 1970; baseline 0.001 -9"><span class='ocrx_word' id='word_1_118' title='bbox 422 1917 597 1962; x_wconf 90' lang='lat' dir='ltr'><strong>Versui</strong></span> <span class='ocrx_word' id='word_1_119' title='bbox 628 1916 777 1970; x_wconf 91' lang='lat' dir='ltr'><strong>qualis</strong></span> <span class='ocrx_word' id='word_1_120' title='bbox 810 1925 878 1961; x_wconf 87' lang='lat' dir='ltr'><strong>est</strong></span> <span class='ocrx_word' id='word_1_121' title='bbox 906 1916 1028 1961; x_wconf 93' lang='lat' dir='ltr'><strong>illa</strong></span> <span class='ocrx_word' id='word_1_122' title='bbox 1058 1931 1182 1970; x_wconf 91' lang='lat' dir='ltr'><strong>qua</strong></span> <span class='ocrx_word' id='word_1_123' title='bbox 1213 1916 1371 1961; x_wconf 89' lang='lat' dir='ltr'><strong>vicit</strong></span> <span class='ocrx_word' id='word_1_124' title='bbox 1402 1917 1715 1962; x_wconf 92' lang='lat' dir='ltr'><strong>condidit</strong></span> <span class='ocrx_word' id='word_1_125' title='bbox 1746 1932 1922 1963; x_wconf 84' lang='lat' dir='ltr'><strong>arma</strong></span> <span class='ocrx_word' id='word_1_126' title='bbox 1952 1933 2139 1963; x_wconf 90' lang='lat' dir='ltr'><strong>manu</strong></span> 
     </span>
     <span class='ocr_line' id='line_1_20' title="bbox 422 2011 2140 2064; baseline 0 -7"><span class='ocrx_word' id='word_1_127' title='bbox 422 2014 552 2057; x_wconf 92' lang='lat' dir='ltr'><strong>locus</strong></span> <span class='ocrx_word' id='word_1_128' title='bbox 589 2020 658 2056; x_wconf 90' lang='lat' dir='ltr'><strong>est</strong></span> <span class='ocrx_word' id='word_1_129' title='bbox 699 2011 745 2056; x_wconf 92' lang='lat' dir='ltr'><strong>in</strong></span> <span class='ocrx_word' id='word_1_130' title='bbox 779 2012 987 2056; x_wconf 88' lang='lat' dir='ltr'><strong>carmine</strong></span> <span class='ocrx_word' id='word_1_131' title='bbox 1019 2011 1192 2064; x_wconf 89' lang='lat' dir='ltr'><strong>scripto</strong></span> <span class='ocrx_word' id='word_1_132' title='bbox 1223 2012 1282 2056; x_wconf 90' lang='lat' dir='ltr'><strong>ad</strong></span> <span class='ocrx_word' id='word_1_133' title='bbox 1312 2011 1537 2056; x_wconf 90' lang='lat' dir='ltr'><strong>maiorem</strong></span> <span class='ocrx_word' id='word_1_134' title='bbox 1569 2012 1757 2057; x_wconf 88' lang='lat' dir='ltr'><strong>laudem</strong></span> <span class='ocrx_word' id='word_1_135' title='bbox 1790 2011 2032 2064; x_wconf 78' lang='lat' dir='ltr'><strong>Caesaris3</strong></span> <span class='ocrx_word' id='word_1_136' title='bbox 2063 2012 2140 2057; x_wconf 92' lang='lat' dir='ltr'><strong>hic</strong></span> 
     </span>
     <span class='ocr_line' id='line_1_21' title="bbox 422 2108 1845 2178; baseline -0.005 -25"><span class='ocrx_word' id='word_1_137' title='bbox 422 2108 533 2154; x_wconf 75' lang='lat' dir='ltr'><strong>serri</strong></span> <span class='ocrx_word' id='word_1_138' title='bbox 565 2123 659 2153; x_wconf 90' lang='lat' dir='ltr'><strong>non</strong></span> <span class='ocrx_word' id='word_1_139' title='bbox 692 2116 856 2160; x_wconf 88' lang='lat' dir='ltr'><strong>potest.</strong></span> <span class='ocrx_word' id='word_1_140' title='bbox 1838 2174 1845 2178; x_wconf 58' lang='lat'><em>„</em></span> 
     </span>
     <span class='ocr_line' id='line_1_22' title="bbox 424 2201 2142 2261; baseline -0.001 -12"><span class='ocrx_word' id='word_1_141' title='bbox 424 2204 554 2256; x_wconf 90' lang='lat' dir='ltr'><strong>Quid</strong></span> <span class='ocrx_word' id='word_1_142' title='bbox 628 2202 804 2257; x_wconf 77' lang='lat' dir='ltr'><strong>igitur?</strong></span> <span class='ocrx_word' id='word_1_143' title='bbox 876 2202 1050 2249; x_wconf 92' lang='lat' dir='ltr'><strong>Totum</strong></span> <span class='ocrx_word' id='word_1_144' title='bbox 1122 2203 1368 2255; x_wconf 92' lang='lat' dir='ltr'><strong>distichon,</strong></span> <span class='ocrx_word' id='word_1_145' title='bbox 1431 2211 1591 2256; x_wconf 86' lang='lat' dir='ltr'><strong>utpote</strong></span> <span class='ocrx_word' id='word_1_146' title='bbox 1653 2203 1842 2248; x_wconf 89' lang='lat' dir='ltr'><strong>aliunde</strong></span> <span class='ocrx_word' id='word_1_147' title='bbox 1902 2203 2079 2249; x_wconf 90' lang='lat' dir='ltr'><strong>illatum</strong></span> <span class='ocrx_word' id='word_1_148' title='bbox 2099 2201 2142 2261; x_wconf 85' lang='lat'><strong>¹)</strong></span> 
     </span>
     <span class='ocr_line' id='line_1_23' title="bbox 424 2303 2140 2351; baseline -0.001 0"><span class='ocrx_word' id='word_1_149' title='bbox 424 2305 715 2351; x_wconf 92' lang='lat' dir='ltr'><strong>confidenter</strong></span> <span class='ocrx_word' id='word_1_150' title='bbox 761 2304 1064 2350; x_wconf 90' lang='lat' dir='ltr'><strong>Fonteinium</strong></span> <span class='ocrx_word' id='word_1_151' title='bbox 1114 2304 1260 2350; x_wconf 90' lang='lat' dir='ltr'><strong>secuti</strong></span> <span class='ocrx_word' id='word_1_152' title='bbox 1308 2305 1562 2350; x_wconf 88' lang='lat' dir='ltr'><strong>deleamus.</strong></span> <span class='ocrx_word' id='word_1_153' title='bbox 1610 2303 1703 2349; x_wconf 91' lang='lat' dir='ltr'><strong>Cui</strong></span> <span class='ocrx_word' id='word_1_154' title='bbox 1754 2303 1966 2349; x_wconf 88' lang='lat' dir='ltr'><strong>mirabile</strong></span> <span class='ocrx_word' id='word_1_155' title='bbox 2012 2304 2140 2350; x_wconf 91' lang='lat' dir='ltr'><strong>dictu</strong></span> 
     </span>
    </p>
   </div>
   <div class='ocr_carea' id='block_1_4' title="bbox 422 2400 1543 2453">
    <p class='ocr_par' dir='ltr' id='par_1_6' title="bbox 422 2400 1543 2453">
     <span class='ocr_line' id='line_1_24' title="bbox 422 2400 1543 2453; baseline -0.001 -8"><span class='ocrx_word' id='word_1_156' title='bbox 422 2416 563 2446; x_wconf 92' lang='lat' dir='ltr'><strong>nemo</strong></span> <span class='ocrx_word' id='word_1_157' title='bbox 596 2400 827 2453; x_wconf 91' lang='lat' dir='ltr'><strong>Propertii</strong></span> <span class='ocrx_word' id='word_1_158' title='bbox 860 2400 1093 2445; x_wconf 89' lang='lat' dir='ltr'><strong>editorum</strong></span> <span class='ocrx_word' id='word_1_159' title='bbox 1126 2400 1430 2453; x_wconf 89' lang='lat' dir='ltr'><strong>adstipulatus</strong></span> <span class='ocrx_word' id='word_1_160' title='bbox 1461 2408 1543 2445; x_wconf 90' lang='lat' dir='ltr'><strong>est.</strong></span> 
     </span>
    </p>
   </div>
   <div class='ocr_carea' id='block_1_5' title="bbox 427 2591 2141 3123">
    <p class='ocr_par' dir='ltr' id='par_1_7' title="bbox 427 2591 2141 3123">
     <span class='ocr_line' id='line_1_25' title="bbox 427 2591 1716 2646; baseline -0.002 -8"><span class='ocrx_word' id='word_1_161' title='bbox 427 2593 538 2638; x_wconf 93' lang='lat' dir='ltr'><strong>Hoc</strong></span> <span class='ocrx_word' id='word_1_162' title='bbox 569 2608 711 2637; x_wconf 89' lang='lat' dir='ltr'><strong>versu</strong></span> <span class='ocrx_word' id='word_1_163' title='bbox 743 2607 907 2637; x_wconf 89' lang='lat' dir='ltr'><strong>omnes</strong></span> <span class='ocrx_word' id='word_1_164' title='bbox 939 2592 1044 2636; x_wconf 92' lang='lat' dir='ltr'><strong>libri</strong></span> <span class='ocrx_word' id='word_1_165' title='bbox 1077 2591 1251 2637; x_wconf 92' lang='lat' dir='ltr'><strong>habent</strong></span> <span class='ocrx_word' id='word_1_166' title='bbox 1281 2608 1402 2646; x_wconf 91' lang='lat' dir='ltr'><strong>quae</strong></span> <span class='ocrx_word' id='word_1_167' title='bbox 1434 2599 1716 2644; x_wconf 91' lang='lat' dir='ltr'><strong>sequuntur:</strong></span> 
     </span>
     <span class='ocr_line' id='line_1_26' title="bbox 544 2687 1668 2741; baseline 0 -9"><span class='ocrx_word' id='word_1_168' title='bbox 544 2703 666 2741; x_wconf 91' lang='lat' dir='ltr'><strong>quae</strong></span> <span class='ocrx_word' id='word_1_169' title='bbox 697 2688 779 2732; x_wconf 92' lang='lat' dir='ltr'><strong>tibi</strong></span> <span class='ocrx_word' id='word_1_170' title='bbox 813 2696 950 2739; x_wconf 87' lang='lat' dir='ltr'><strong>terra,</strong></span> <span class='ocrx_word' id='word_1_171' title='bbox 982 2688 1140 2739; x_wconf 88' lang='lat' dir='ltr'><strong>velim,</strong></span> <span class='ocrx_word' id='word_1_172' title='bbox 1172 2703 1293 2740; x_wconf 89' lang='lat' dir='ltr'><strong>quae</strong></span> <span class='ocrx_word' id='word_1_173' title='bbox 1324 2687 1407 2732; x_wconf 92' lang='lat' dir='ltr'><strong>tibi</strong></span> <span class='ocrx_word' id='word_1_174' title='bbox 1439 2687 1516 2732; x_wconf 84' lang='lat' dir='ltr'><strong>fiat</strong></span> <span class='ocrx_word' id='word_1_175' title='bbox 1547 2702 1668 2740; x_wconf 86' lang='lat' dir='ltr'><strong>aqua</strong></span> 
     </span>
     <span class='ocr_line' id='line_1_27' title="bbox 428 2782 2141 2837; baseline -0.001 -9"><span class='ocrx_word' id='word_1_176' title='bbox 428 2784 663 2829; x_wconf 90' lang='lat' dir='ltr'><strong>Pluralem</strong></span> <span class='ocrx_word' id='word_1_177' title='bbox 726 2799 756 2836; x_wconf 92' lang='lat' dir='ltr'><strong>q</strong></span> <span class='ocrx_word' id='word_1_178' title='bbox 774 2799 804 2827; x_wconf 95' lang='lat' dir='ltr'><strong>u</strong></span> <span class='ocrx_word' id='word_1_179' title='bbox 822 2798 892 2828; x_wconf 85' lang='lat' dir='ltr'><strong>ae</strong></span> <span class='ocrx_word' id='word_1_180' title='bbox 953 2798 1061 2827; x_wconf 90' lang='lat' dir='ltr'><strong>cum</strong></span> <span class='ocrx_word' id='word_1_181' title='bbox 1116 2783 1334 2837; x_wconf 80' lang='lat' dir='ltr'><strong>singulari</strong></span> <span class='ocrx_word' id='word_1_182' title='bbox 1380 2783 1502 2828; x_wconf 79' lang='lat' dir='ltr'><strong>fiat</strong></span> <span class='ocrx_word' id='word_1_183' title='bbox 1549 2798 1651 2828; x_wconf 89' lang='lat' dir='ltr'><strong>esse</strong></span> <span class='ocrx_word' id='word_1_184' title='bbox 1698 2782 1999 2828; x_wconf 88' lang='lat' dir='ltr'><strong>coniunctum</strong></span> <span class='ocrx_word' id='word_1_185' title='bbox 2046 2798 2141 2827; x_wconf 92' lang='lat' dir='ltr'><strong>non</strong></span> 
     </span>
     <span class='ocr_line' id='line_1_28' title="bbox 427 2879 1183 2931; baseline -0.001 -8"><span class='ocrx_word' id='word_1_186' title='bbox 427 2879 670 2931; x_wconf 86' lang='lat' dir='ltr'><strong>improbo:</strong></span> <span class='ocrx_word' id='word_1_187' title='bbox 703 2879 998 2924; x_wconf 71' lang='lat' dir='ltr'><strong>conferamus</strong></span> <span class='ocrx_word' id='word_1_188' title='bbox 1030 2879 1183 2923; x_wconf 89' lang='lat' dir='ltr'><strong>enim:</strong></span> 
     </span>
     <span class='ocr_line' id='line_1_29' title="bbox 428 2974 1224 3028; baseline 0 -9"><span class='ocrx_word' id='word_1_189' title='bbox 428 2975 553 3027; x_wconf 90' lang='lat' dir='ltr'><strong>apud</strong></span> <span class='ocrx_word' id='word_1_190' title='bbox 586 2974 868 3026; x_wconf 83' lang='lat' dir='ltr'><strong>Sallustium,</strong></span> <span class='ocrx_word' id='word_1_191' title='bbox 900 2974 1003 3028; x_wconf 80' lang='lat' dir='ltr'><strong>Jug.</strong></span> <span class='ocrx_word' id='word_1_192' title='bbox 1039 2974 1108 3026; x_wconf 88' lang='lat'><strong>18,</strong></span> <span class='ocrx_word' id='word_1_193' title='bbox 1143 2974 1224 3019; x_wconf 90' lang='lat' dir='ltr'><strong>ll:</strong></span> 
     </span>
     <span class='ocr_line' id='line_1_30' title="bbox 548 3069 2032 3123; baseline -0.001 -8"><span class='ocrx_word' id='word_1_194' title='bbox 548 3085 603 3115; x_wconf 89' lang='lat' dir='ltr'><strong>ea</strong></span> <span class='ocrx_word' id='word_1_195' title='bbox 634 3071 736 3115; x_wconf 88' lang='lat' dir='ltr'><strong>loca</strong></span> <span class='ocrx_word' id='word_1_196' title='bbox 768 3085 888 3123; x_wconf 86' lang='lat' dir='ltr'><strong>quae</strong></span> <span class='ocrx_word' id='word_1_197' title='bbox 919 3085 1151 3123; x_wconf 84' lang='lat' dir='ltr'><strong>proxuma</strong></span> <span class='ocrx_word' id='word_1_198' title='bbox 1182 3069 1466 3122; x_wconf 83' lang='lat' dir='ltr'><strong>Carthagine</strong></span> <span class='ocrx_word' id='word_1_199' title='bbox 1499 3069 1729 3114; x_wconf 91' lang='lat' dir='ltr'><strong>Numidia</strong></span> <span class='ocrx_word' id='word_1_200' title='bbox 1759 3069 2032 3122; x_wconf 86' lang='lat' dir='ltr'><strong>appellatur.</strong></span> 
     </span>
    </p>
   </div>
   <div class='ocr_carea' id='block_1_6' title="bbox 428 3162 2143 3219">
    <p class='ocr_par' dir='ltr' id='par_1_8' title="bbox 428 3162 2143 3219">
     <span class='ocr_line' id='line_1_31' title="bbox 428 3162 2143 3219; baseline -0.002 -8"><span class='ocrx_word' id='word_1_201' title='bbox 428 3165 645 3219; x_wconf 82' lang='lat' dir='ltr'><strong>Scaligeri</strong></span> <span class='ocrx_word' id='word_1_202' title='bbox 678 3166 795 3211; x_wconf 91' lang='lat' dir='ltr'><strong>lenis</strong></span> <span class='ocrx_word' id='word_1_203' title='bbox 827 3165 1123 3211; x_wconf 89' lang='lat' dir='ltr'><strong>coniectura:</strong></span> <span class='ocrx_word' id='word_1_204' title='bbox 1156 3180 1263 3217; x_wconf 91' lang='lat' dir='ltr'><strong>qua</strong></span> <span class='ocrx_word' id='word_1_205' title='bbox 1294 3164 1375 3209; x_wconf 92' lang='lat' dir='ltr'><strong>tibi</strong></span> <span class='ocrx_word' id='word_1_206' title='bbox 1421 3173 1558 3215; x_wconf 89' lang='lat' dir='ltr'><strong>terra,</strong></span> <span class='ocrx_word' id='word_1_207' title='bbox 1606 3164 1764 3215; x_wconf 87' lang='lat' dir='ltr'><strong>velim,</strong></span> <span class='ocrx_word' id='word_1_208' title='bbox 1803 3178 1910 3216; x_wconf 86' lang='lat' dir='ltr'><strong>qua</strong></span> <span class='ocrx_word' id='word_1_209' title='bbox 1945 3162 2027 3208; x_wconf 92' lang='lat' dir='ltr'><strong>tibi</strong></span> <span class='ocrx_word' id='word_1_210' title='bbox 2066 3162 2143 3207; x_wconf 84' lang='lat' dir='ltr'><strong>fiat</strong></span> 
     </span>
    </p>
   </div>
   <div class='ocr_carea' id='block_1_7' title="bbox 303 3275 586 3280">
    <p class='ocr_par' dir='ltr' id='par_1_9' title="bbox 303 3275 586 3280">
     <span class='ocr_line' id='line_1_32' title="bbox 303 3275 586 3280; baseline 0 0"><span class='ocrx_word' id='word_1_211' title='bbox 303 3275 586 3280; x_wconf 95' lang='lat' dir='ltr'><strong> </strong></span> 
     </span>
    </p>
   </div>
   <div class='ocr_carea' id='block_1_8' title="bbox 295 3331 2144 3498">
    <p class='ocr_par' dir='ltr' id='par_1_10' title="bbox 295 3331 2144 3498">
     <span class='ocr_line' id='line_1_33' title="bbox 346 3331 2144 3379; baseline -0.004 -8"><span class='ocrx_word' id='word_1_212' title='bbox 346 3335 374 3379; x_wconf 92' lang='lat'><strong>¹)</strong></span> <span class='ocrx_word' id='word_1_213' title='bbox 428 3337 673 3377; x_wconf 73' lang='lat' dir='ltr'><strong>Rossbergius</strong></span> <span class='ocrx_word' id='word_1_214' title='bbox 711 3333 859 3378; x_wconf 86' lang='lat' dir='ltr'><strong>(Fleck.</strong></span> <span class='ocrx_word' id='word_1_215' title='bbox 885 3336 1010 3369; x_wconf 83' lang='lat' dir='ltr'><strong>Jahrb.</strong></span> <span class='ocrx_word' id='word_1_216' title='bbox 1039 3335 1140 3376; x_wconf 88' lang='grc'>1883,</span> <span class='ocrx_word' id='word_1_217' title='bbox 1168 3347 1201 3375; x_wconf 87' lang='lat' dir='ltr'><strong>p.</strong></span> <span class='ocrx_word' id='word_1_218' title='bbox 1228 3331 1289 3376; x_wconf 90' lang='lat'><strong>71)</strong></span> <span class='ocrx_word' id='word_1_219' title='bbox 1317 3341 1418 3374; x_wconf 82' lang='lat' dir='ltr'><strong>putat</strong></span> <span class='ocrx_word' id='word_1_220' title='bbox 1444 3333 1642 3373; x_wconf 75' lang='lat' dir='ltr'><strong>distichon,</strong></span> <span class='ocrx_word' id='word_1_221' title='bbox 1668 3334 1714 3366; x_wconf 80' lang='lat' dir='ltr'><strong>de</strong></span> <span class='ocrx_word' id='word_1_222' title='bbox 1739 3343 1811 3372; x_wconf 88' lang='lat' dir='ltr'><strong>quo</strong></span> <span class='ocrx_word' id='word_1_223' title='bbox 1838 3331 1990 3373; x_wconf 69' lang='lat' dir='ltr'><strong>agimus,</strong></span> <span class='ocrx_word' id='word_1_224' title='bbox 2017 3337 2144 3370; x_wconf 74' lang='lat' dir='ltr'><strong>postea</strong></span> 
     </span>
     <span class='ocr_line' id='line_1_34' title="bbox 295 3389 2143 3436; baseline -0.004 -6"><span class='ocrx_word' id='word_1_225' title='bbox 295 3409 315 3430; x_wconf 80' lang='lat' dir='ltr'><strong>a</strong></span> <span class='ocrx_word' id='word_1_226' title='bbox 342 3404 451 3436; x_wconf 76' lang='lat' dir='ltr'><strong>poeta</strong></span> <span class='ocrx_word' id='word_1_227' title='bbox 477 3397 641 3430; x_wconf 77' lang='lat' dir='ltr'><strong>additum</strong></span> <span class='ocrx_word' id='word_1_228' title='bbox 668 3406 762 3436; x_wconf 73' lang='lat' dir='ltr'><strong>esne.</strong></span> <span class='ocrx_word' id='word_1_229' title='bbox 789 3406 872 3429; x_wconf 89' lang='lat' dir='ltr'><strong>cum</strong></span> <span class='ocrx_word' id='word_1_230' title='bbox 900 3395 1109 3436; x_wconf 72' lang='lat' dir='ltr'><strong>Augustum</strong></span> <span class='ocrx_word' id='word_1_231' title='bbox 1136 3394 1393 3436; x_wconf 59' lang='lat' dir='ltr'><strong>cognovissem</strong></span> <span class='ocrx_word' id='word_1_232' title='bbox 1426 3394 1490 3426; x_wconf 81' lang='lat' dir='ltr'><strong>sed</strong></span> <span class='ocrx_word' id='word_1_233' title='bbox 1517 3393 1595 3426; x_wconf 86' lang='lat' dir='ltr'><strong>iure</strong></span> <span class='ocrx_word' id='word_1_234' title='bbox 1623 3403 1690 3426; x_wconf 73' lang='lat' dir='ltr'><strong>suo</strong></span> <span class='ocrx_word' id='word_1_235' title='bbox 1716 3391 1839 3426; x_wconf 76' lang='lat' dir='ltr'><strong>addit:</strong></span> <span class='ocrx_word' id='word_1_236' title='bbox 1878 3389 2143 3432; x_wconf 71' lang='lat' dir='ltr'><strong>„ungenchickt</strong></span> 
     </span>
     <span class='ocr_line' id='line_1_35' title="bbox 296 3454 1346 3498; baseline -0.003 -8"><span class='ocrx_word' id='word_1_237' title='bbox 296 3457 520 3498; x_wconf 71' lang='lat' dir='ltr'><strong>angebraeht</strong></span> <span class='ocrx_word' id='word_1_238' title='bbox 547 3456 595 3490; x_wconf 74' lang='lat' dir='ltr'><strong>ist</strong></span> <span class='ocrx_word' id='word_1_239' title='bbox 620 3457 686 3490; x_wconf 74' lang='lat' dir='ltr'><strong>dns</strong></span> <span class='ocrx_word' id='word_1_240' title='bbox 712 3455 953 3495; x_wconf 84' lang='lat' dir='ltr'><strong>compliment</strong></span> <span class='ocrx_word' id='word_1_241' title='bbox 979 3454 1123 3489; x_wconf 84' lang='lat' dir='ltr'><strong>sreilich</strong></span> <span class='ocrx_word' id='word_1_242' title='bbox 1149 3455 1242 3488; x_wconf 80' lang='lat' dir='ltr'><strong>auch</strong></span> <span class='ocrx_word' id='word_1_243' title='bbox 1268 3454 1346 3487; x_wconf 75' lang='lat' dir='ltr'><strong>so”.</strong></span> 
     </span>
    </p>
   </div>
  </div>
 </body>
</html>
