2566 3886
1125 272 1381 319 -182—

458 406 615 451 einem
623 406 810 451 blossen
822 402 911 462 hile
929 404 1091 450 seinen
1109 404 1479 458 gegenwfirtigen
1497 404 1869 450 Aufenthaltsort
1880 405 2173 451 bezeichnen

457 501 702 547 diirfen”i²
743 501 903 546 Nimis
935 501 1062 546 enim
1095 499 1274 544 infinite
1306 499 1371 544 sic
1403 498 1700 553 loqueretur!
1733 499 1983 545 Praeterea
2013 516 2172 545 meum

460 597 580 642 facio
611 598 701 642 hoc
732 604 1059 650 argumentum
1083 595 1212 648 quod
1236 594 1510 639 Hertzelius
1529 594 1661 638 affert
1677 595 1737 639 ad
1754 595 2171 640 demonstrandum

457 707 681 737 versuum
713 691 930 736 ordinem
961 690 1009 735 in
1027 690 1269 735 codicibus
1287 689 1525 734 turbatum
1542 704 1671 734 esse:
1696 687 1824 747 ‚,(es)
1841 689 1987 734 bleibt
2002 705 2173 735 unver-

457 786 700 839 stfindlich,
732 801 913 830 warum
945 785 1023 830 auf
1053 785 1130 829 die
1162 784 1466 836 Autziihlung
1497 785 1584 828 der
1601 783 1735 836 Orte‚
1751 799 1829 828 wo
1849 784 1948 828 sich
1965 783 2174 836 Cynthia

457 883 543 927 der
589 881 767 934 Menge
809 897 872 926 zu
909 881 1074 934 zeigen
1106 881 1232 933 liebt,
1265 881 1395 925 nicht
1425 881 1572 925 sofort
1603 881 1680 925 die
1711 880 2022 934 Ausfiihrung
2054 880 2173 926 iiber

455 977 559 1022 ihre
589 976 842 1030 anstossige
874 975 1164 1029 Beteiligung
1195 991 1254 1020 an
1287 976 1396 1020 dem
1430 975 1711 1021 Fackellauf
1720 975 1785 1020 im
1804 975 2066 1029 Heiligtum
2087 975 2173 1020 der

460 1072 614 1117 Diana
644 1087 706 1117 zu
737 1071 901 1116 Aricia
930 1072 1053 1125 folgt‚
1085 1072 1291 1116 sondern
1324 1072 1410 1116 der
1441 1071 1550 1116 Satz
1580 1071 1882 1116 dazwischen
1913 1071 2035 1116 tritt:
2066 1071 2174 1115 hoc

462 1167 668 1212 utinam
715 1166 955 1219 spatiere
1001 1165 1146 1211 loco!
1195 1167 1402 1211 welcher
1434 1167 1494 1211 da
1524 1166 1778 1219 empfiehlt,
1809 1181 1886 1212 wo
1918 1181 2027 1211 man
2059 1165 2168 1210 eine

461 1263 785 1316 Abmahnung
815 1263 1076 1307 erwartet’'.

462 1358 532 1403 Ut
574 1358 665 1402 iam
706 1358 770 1406 de
811 1357 1111 1410 praecedenti
1152 1357 1298 1411 elegia
1338 1358 1578 1410 disputans
1609 1357 1873 1410 observavi,
1905 1372 2000 1401 non
2032 1356 2177 1401 credo

460 1454 551 1498 hoc
582 1468 772 1498 carmen
806 1462 852 1498 et
883 1453 997 1497 illud
1029 1468 1178 1497 unum
1210 1467 1338 1505 esse;
1371 1462 1576 1498 nostram
1608 1453 1802 1507 elegiam
1827 1451 2009 1505 scripsit
2025 1459 2176 1503 poeta,

461 1557 706 1602 postquam
738 1564 857 1600 eam,
889 1563 1010 1602 quae
1026 1548 1278 1601 praecedit,
1310 1563 1369 1592 ex
1385 1557 1598 1601 tempore
1619 1548 1900 1602 composuit;
1920 1547 2003 1592 sed
2020 1555 2176 1591 tamen

461 1644 602 1688 ambo
647 1643 855 1688 carmina
900 1643 1167 1695 cohaerent,
1222 1659 1331 1688 nam
1393 1659 1558 1688 versus
1618 1644 1842 1696 septimus
1903 1658 2045 1696 quem
2091 1650 2178 1695 ego

462 1739 820 1791 transpositione
882 1738 1091 1783 Hetzelii
1151 1748 1387 1792 assumpta
1431 1739 1637 1792 primum
1684 1739 1822 1784 totius
1868 1739 2042 1792 elegiae
2086 1737 2177 1782 feci

462 1834 651 1887 respicit
681 1834 1045 1888 descriptionem
1077 1835 1283 1888 porticus
1314 1834 1564 1888 Apollinis.

464 2025 777 2070 Baehrensius
837 2039 1003 2069 versus
1048 2024 1090 2068 7.
1140 2023 1168 2068 8
1214 2033 1319 2077 post
1366 2024 1422 2069 16
1466 2033 1825 2078 transposuerat,
1873 2024 2180 2069 Housmanus

462 2129 570 2165 ante
600 2117 654 2177 (J
659 2120 745 2164 Ph.
775 2119 913 2172 XVI,
944 2135 989 2173 p.
1013 2117 1067 2176 8)
1098 2135 1287 2164 versum
1320 2120 1540 2173 primum,
1557 2120 1640 2164 sed
1658 2120 1824 2165 melius
1841 2119 2023 2165 initium
2040 2119 2180 2165 habet

462 2216 622 2269 elegia,
670 2215 708 2260 si
753 2230 781 2259 a
826 2215 1041 2260 versibus
1088 2215 1129 2259 7.
1174 2214 1201 2259 8
1245 2215 1420 2269 incipit,
1464 2216 1592 2269 quod
1635 2224 1798 2260 contra
1841 2215 2179 2260 Baehrensium

463 2311 681 2363 observo,
712 2319 759 2355 et
789 2319 1031 2362 praeterea
1060 2310 1233 2354 verba:
1266 2311 1378 2362 „sed
1410 2311 1493 2355 tibi
1525 2326 1602 2355 me
1633 2311 1828 2356 credere
1858 2311 1996 2356 turba
2011 2311 2180 2363 vetat”,

465 2421 605 2451 sensu
656 2414 830 2457 carent,
883 2405 921 2449 si
973 2420 1001 2449 a
1052 2405 1267 2449 versibus
1315 2404 1418 2450 9.10
1463 2415 1749 2459 separantur,
1796 2406 1924 2460 quod
1971 2406 2084 2450 mihi
2131 2406 2180 2451 in

464 2502 706 2554 utriusque
737 2500 1095 2552 transpositione
1126 2500 1352 2553 displicet.

391 2725 403 2736 .
464 2690 629 2736 Curva
659 2698 704 2734 te
737 2689 1031 2734 Herculeum
1066 2689 1365 2742 deportantes
1398 2690 1481 2734 sed
1513 2690 1666 2735 abitur

584 2784 743 2838 Appia
772 2799 858 2829 cur
888 2784 1056 2829 totiens
1087 2793 1133 2829 te
1164 2785 1242 2829 via
1271 2785 1384 2830 dicit
1414 2801 1556 2830 anum

464 2880 584 2926 Tam
621 2887 841 2932 corrupta
870 2879 1022 2924 forma
1052 2880 1143 2924 hoc
1175 2880 1406 2925 distichon
1438 2881 1603 2935 legitur
1632 2882 1681 2926 in
1705 2881 2045 2935 Neapolitano;
2077 2882 2182 2927 finis

465 2974 675 3021 versusS
701 2975 748 3019 in
780 2974 948 3019 ceteris
979 2989 1118 3019 sanus
1149 2983 1243 3020 est:
1275 2976 1634 3040 deportant
1675 2978 1914 3022 esseda
1944 2976 2180 3030 Tibur3

465 3087 552 3126 pro
584 3085 777 3115 curva
806 3078 867 3114 te
898 3070 1041 3114 ceteri
1088 3085 1204 3115 cur
1250 3079 1466 3115 vatem
1513 3072 1679 3126 legunt.

466 3166 543 3210 De
573 3164 778 3210 Palmeri
809 3164 1031 3217 opinione
1062 3165 1143 3219 qui
1175 3181 1340 3211 versus
1373 3166 1438 3211 sic
1471 3167 1643 3211 edidit:

585 3274 671 3305 cur
702 3267 858 3304 vatem
891 3259 1185 3305 Herculeum
1218 3261 1466 3313 deportant
1497 3263 1661 3307 esseda
1691 3261 1843 3307 Tibur
1860 3261 1887 3306 P

706 3354 865 3409 Appia
895 3370 981 3400 cur
1011 3356 1180 3401 totiens
1212 3357 1351 3402 devia
1382 3358 1510 3402 ducit
1541 3373 1683 3403 anum
1698 3357 1725 3402 Ρ

466 3450 581 3495 nihil
612 3465 731 3504 opus
761 3459 831 3495 est
862 3466 939 3495 me
969 3451 1111 3504 loqui,
1143 3467 1252 3496 cum
1284 3452 1376 3497 iam
1407 3452 1467 3497 ab
1501 3452 1781 3498 Housmano
1812 3450 1956 3510 (JPh.
1980 3453 2116 3506 XXI,
2136 3469 2182 3507 p.
