2566 3886
333 778 405 824 25.

335 1065 407 1112 27.

1136 266 1371 312 -81-

465 399 571 444 ard
586 398 600 443 i
614 399 644 443 d
659 414 690 444 u
704 414 726 444 s
758 398 828 451 N;
860 398 996 444 arid
1011 414 1042 444 u
1056 413 1078 443 s
1109 398 1156 443 D
1172 398 1240 450 V;
1272 398 1356 443 sed
1388 412 1556 443 verum
1589 397 1794 443 servavit
1820 397 2094 443 Macrobius
2114 394 2176 455 ¹):

465 494 751 545 candidus,
765 491 888 551 (vid.
921 494 1039 538 infra
1061 494 1119 538 ad
1151 491 1249 551 42),
1273 494 1401 547 quod
1419 493 1586 538 melius
1602 501 1672 538 est
1687 508 1828 547 quam
1861 509 1908 538 m
1922 508 1949 538 a
1964 509 1988 538 r
2004 508 2030 538 c
2044 493 2058 537 i
2073 493 2103 537 d
2117 508 2144 537 a
2157 508 2178 537 s

465 586 671 646 (Unger,
694 589 834 634 Anal.
866 586 964 646 34),
996 588 1207 634 artibus
1238 586 1451 646 (Peiper,
1482 604 1527 642 p.
1546 586 1614 646 7),
1646 603 1849 634 aureus
1879 585 2176 646 (Heinsius).

467 780 583 824 haec
639 779 938 824 contulerunt
984 778 1055 830 N;
1105 779 1225 832 lege:
1274 779 1423 823 haec
1454 775 1624 836 (tibi)
1676 793 1785 822 cum
1832 778 1999 823 ceteris
2045 792 2178 830 mss.;

464 875 681 929 languide
714 874 920 920 Palmer:
952 875 984 919 h
998 888 1025 918 a
1038 888 1065 919 e
1079 888 1105 918 c
1135 871 1194 931 (h
1207 888 1235 918 a
1249 888 1276 918 e
1293 870 1347 931 c)

469 1081 564 1111 non
611 1080 707 1110 non
754 1064 946 1110 humani
993 1072 1100 1109 sunt
1146 1072 1304 1116 partus
1351 1064 1458 1109 talia
1503 1065 1628 1110 dona

465 1168 612 1206 sunt
650 1168 868 1213 partus
900 1157 970 1211 Ο;
1003 1167 1226 1211 partus
1258 1168 1404 1204 sunt
1436 1159 1501 1204 N.

465 1255 569 1302 Cur
599 1255 848 1300 lectionem
882 1253 927 1299 Ο
960 1269 1122 1300 veram
1155 1254 1368 1307 habeam,
1400 1254 1497 1299 dixi
1528 1255 1587 1300 ad
1620 1255 1682 1308 11,
1715 1254 1787 1307 34,
1819 1254 1890 1300 23.

331 1444 520 1491 29—32.
582 1445 675 1490 Vel
706 1454 810 1498 post
841 1445 999 1489 omnia
1029 1459 1150 1498 quae
1182 1445 1242 1490 de
1275 1445 1346 1489 his
1379 1444 1594 1489 versibus
1626 1445 1880 1498 disputavit
1912 1444 2027 1491 Otto
2055 1443 2176 1504 (Die

334 3059 407 3105 33.

463 1541 931 1594 Versumstellungen
979 1540 1055 1585 bei
1102 1540 1314 1594 Properz
1360 1541 1396 1585 Ι.
1444 1556 1491 1593 p.
1538 1539 1591 1599 7)
1623 1541 1839 1586 ordinem
1871 1556 2095 1586 versuum
2128 1551 2178 1586 ut

465 1637 512 1682 in
546 1636 872 1690 manuscriptis
904 1636 1069 1690 legitur
1100 1636 1277 1681 servari
1309 1650 1447 1689 posse
1479 1651 1574 1680 non
1606 1637 1764 1681 credo.
1788 1635 1916 1681 Nam
1934 1636 2177 1681 difficultas

464 1731 708 1777 transitum
754 1731 1039 1784 intelligendi
1085 1730 1166 1784 qui
1213 1739 1282 1775 est
1325 1730 1447 1775 inter
1493 1729 1550 1775 30
1594 1739 1639 1775 et
1686 1729 1740 1774 31
1784 1730 1874 1775 viri
1905 1731 2031 1776 docti
2063 1730 2177 1776 Otto

465 1827 793 1873 observatione
824 1826 1017 1871 minime
1048 1826 1236 1871 tollitur.

467 1923 512 1968 Is
543 1923 670 1968 enim
701 1922 767 1967 sic
798 1921 971 1966 scribit:
1004 1921 1153 1974 „Man
1186 1922 1264 1966 hat
1295 1921 1372 1965 die
1404 1920 1676 1974 Steigerung
1706 1921 1988 1974 iibersehen,
2021 1922 2097 1967 die
2129 1923 2176 1967 in

466 2034 512 2063 v.
550 2017 603 2062 31
638 2018 702 2062 im
733 2017 986 2070 Vergleich
1018 2016 1101 2061 mit
1132 2031 1177 2060 v.
1210 2015 1267 2060 30
1299 2016 1425 2069 liegt3
1458 2016 1561 2060 hier
1591 2015 1821 2061 verheisst
1852 2018 1939 2062 der
1979 2017 2178 2062 Dichter

465 2113 620 2158 seiner
650 2111 858 2165 Cynthia
888 2127 979 2157 nur
1010 2112 1087 2157 die
1120 2111 1268 2157 Liebe
1300 2112 1383 2156 des
1414 2110 1612 2164 Jupiter,
1645 2112 1751 2156 dort
1783 2113 1903 2157 auch
1921 2113 1998 2158 die
2031 2113 2176 2157 Erhe-

466 2209 592 2262 bung
638 2217 775 2253 unter
820 2208 897 2252 die
944 2207 1114 2253 Gotter
1156 2207 1299 2252 selbst
1330 2208 1427 2252 und
1459 2207 1537 2251 die
1569 2206 1987 2261 Unsterblichkeit,
2019 2224 2088 2254 vs.
2120 2209 2174 2254 31

464 2304 522 2348 ist
551 2303 726 2348 sonach
758 2302 1048 2356 keineswegs
1079 2302 1186 2347 eine
1217 2302 1371 2347 blosse
1402 2302 1645 2347 Variation
1678 2317 1773 2347 von
1806 2318 1876 2348 vs.
1908 2302 2009 2348 30”.

465 2397 572 2450 Sed,
618 2398 657 2442 si
693 2406 831 2451 poeta
867 2399 982 2442 haec
1014 2397 1102 2442 sibi
1134 2398 1248 2449 vult,
1280 2397 1611 2442 obscurissime
1642 2397 1881 2450 exprimit3
1914 2413 1991 2443 me
2022 2399 2179 2451 grada-

464 2494 528 2539 tio
560 2494 636 2538 illa
666 2490 771 2551 (die
802 2490 1102 2550 Steigerung)
1134 2508 1328 2547 prorsus
1360 2494 1482 2538 latet.
1515 2493 1766 2538 Praeterea
1796 2500 1847 2537 ut
1869 2507 1995 2538 nunc
2012 2508 2178 2538 versus

463 2589 693 2642 leguntur,
738 2588 894 2632 facere
937 2602 1033 2632 non
1064 2597 1259 2641 possunt
1290 2589 1507 2641 legentes.
1525 2587 1640 2641 quin
1672 2602 1732 2632 ex
1763 2602 1904 2632 versu
1936 2586 1994 2632 32
2026 2588 2176 2632 statim

464 2691 568 2735 post
598 2681 652 2727 31
687 2682 900 2735 sequenti
932 2682 1165 2727 coniciant
1182 2682 1419 2727 Helenam
1437 2698 1627 2736 quoque
1645 2698 1753 2727 cum
1771 2682 1872 2727 deis
1888 2683 2177 2728 accubuisse.

467 2777 575 2822 Hae
606 2776 894 2822 difficultates
924 2778 1060 2823 facile
1091 2778 1330 2829 tolluntur,
1362 2778 1399 2822 si
1417 2778 1723 2822 Lachmanno
1742 2775 1784 2835 2)
1806 2786 1996 2823 auctore
2012 2793 2178 2823 versus

464 2871 519 2916 31
553 2880 600 2917 et
629 2872 687 2918 29
717 2872 839 2917 inter
869 2887 920 2917 se
951 2872 1311 2924 transponimus.

469 3060 597 3114 Lego
627 3061 825 3114 flagrat
856 3075 965 3105 cum
983 3060 1255 3113 Fonteinio;
1275 3060 1554 3105 indicativus
1571 3060 1837 3113 requiritur,
1854 3074 1963 3105 cum
1980 3075 2177 3105 revera

466 3155 658 3208 flagrare
689 3155 885 3200 iuvenes
915 3164 1053 3208 poeta
1083 3155 1208 3200 sciat.

385 3295 410 3341 1)
459 3305 648 3340 grammat.
674 3299 736 3332 lat.
763 3298 871 3333 Keilii
900 3299 948 3333 V.
975 3310 1008 3339 p.
1033 3299 1102 3333 626
1130 3298 1184 3332 15.

382 3367 410 3413 ¹)
458 3366 632 3404 Sterkiuo
669 3371 932 3410 tran-ponebat
969 3369 1026 3403 29.
1054 3370 1110 3403 32.
1136 3370 1192 3403 31.
1218 3369 1283 3410 30;
1322 3371 1385 3403 sed
1419 3376 1519 3403 recte
1548 3369 1642 3403 Otto
1680 3371 1854 3403 admonet
1891 3369 1944 3402 sic
1982 3370 2175 3403 transitum

336 3441 381 3474 ad
407 3440 598 3481 sequentia
624 3437 695 3483 (vs.
720 3436 778 3483 34)
804 3441 936 3480 perire.

2058 3510 2082 3544 6
