2566 3886
320 392 392 439 83.

324 1914 396 1959 91.

1110 259 1378 305 —200—

454 407 542 438 nec
574 392 730 437 minor
759 391 837 436 hic
851 388 892 449 1)
923 390 1104 442 animis,
1136 405 1239 443 nec,
1272 390 1309 435 si
1341 391 1496 436 minor
1526 406 1624 444 ore,
1656 407 1857 437 canorus

521 487 698 533 anseris
729 487 920 532 indocto
951 486 1160 531 carmine
1191 496 1354 539 peccat
1384 488 1499 532 olor.

454 582 635 628 Versus
666 581 737 627 81.
770 581 827 627 82
859 597 1000 634 nunc,
1031 581 1079 626 id
1111 582 1240 634 quod
1274 581 1565 626 Hartmanus
1596 597 1786 635 quoque
1809 582 1969 635 voluit,
1987 583 2048 628 de
2065 583 2167 637 ipso

453 678 663 731 Vergilio
695 677 805 722 dicti
837 686 957 729 sunt,
990 691 1287 730 sequensque
1318 676 1550 721 distichon
1583 677 1684 722 sine
1716 677 1929 722 molestia
1944 679 2165 732 explicari

454 781 618 826 potest.
651 772 959 818 Housmanus
989 787 1181 817 versum
1212 772 1275 817 ita
1305 773 1460 825 legere
1491 772 1592 817 vult
1622 770 1766 830 (JPh.
1797 772 1935 826 XXI,
1965 789 2011 827 p.
2043 771 2167 832 160):

572 882 662 912 nec
694 867 849 912 minor
879 867 956 912 hic
985 867 1166 919 animis,
1199 875 1249 911 ut
1280 867 1338 911 sit
1369 866 1524 912 minor
1555 882 1652 919 ore,
1684 882 1884 912 canorus

633 962 810 1007 anseris
842 962 1032 1007 indocto
1063 961 1271 1007 carmine
1303 962 1441 1007 cessit
1471 963 1600 1015 olor;

454 1057 700 1110 Additque
716 1057 837 1101 hanc
853 1057 1233 1110 explicationem:
1251 1058 1371 1109 „and
1385 1058 1463 1102 the
1478 1058 1740 1103 melodious
1753 1073 1897 1111 swan,
1911 1058 2172 1113 displaying

455 1154 594 1206 equal
639 1152 802 1205 genius
848 1153 1024 1206 though
1070 1153 1160 1196 less
1207 1153 1371 1204 stately
1403 1153 1577 1197 diction
1609 1153 1657 1197 in
1689 1154 1820 1198 these
1851 1153 1964 1207 light
1993 1168 2169 1206 verses,
2211 1202 2222 1212 ⁴

456 1250 539 1293 has
570 1257 653 1293 not
683 1248 855 1293 retired
887 1247 1002 1293 with
1034 1248 1112 1292 the
1142 1248 1348 1293 tuneless
1379 1248 1496 1293 stain
1529 1248 1584 1293 of
1608 1264 1635 1293 a
1665 1249 1850 1302 goose.''

458 1344 557 1397 Ego
573 1353 729 1388 tamen
748 1343 998 1388 Hartmani
1016 1344 1259 1395 pulchram
1277 1343 1416 1388 huius
1447 1359 1612 1388 versus
1646 1344 2023 1389 emendationem
2055 1358 2172 1396 pec-

457 1447 543 1483 cat
572 1439 730 1492 recepi
746 1453 757 1491 ;
774 1438 1043 1491 peccandi
1065 1438 1266 1483 verbum
1289 1438 1552 1491 adhibetur,
1576 1439 1613 1483 si
1637 1439 1837 1484 dicimus
1860 1439 2038 1492 aliquid
2069 1454 2168 1484 cor-

457 1549 679 1586 rumpere
710 1549 778 1585 ea,
811 1549 932 1587 quae
963 1533 1141 1578 circum
1174 1549 1224 1578 se
1255 1533 1436 1585 habeat,
1469 1534 1527 1578 cf.
1561 1534 1703 1579 Mart.
1737 1535 1797 1587 II,
1834 1533 1912 1579 66:

579 1628 720 1673 Unus
752 1629 812 1673 de
844 1637 941 1674 toto
971 1637 1250 1682 peccaverat
1280 1629 1396 1673 orbe
1427 1644 1668 1674 comarum

681 1725 850 1768 anulus
881 1724 1059 1768 incerta
1090 1739 1185 1769 non
1217 1724 1340 1768 bene
1371 1724 1491 1769 fixus
1521 1739 1622 1769 acu.

459 1924 506 1960 et
537 1915 680 1959 modo
710 1914 918 1959 formosa
950 1929 1092 1968 quam
1125 1915 1270 1959 multa
1301 1914 1538 1966 Lycoride
1572 1914 1737 1960 Gallus

611 2018 822 2054 mortuus
853 2009 1038 2054 inferna
1068 2010 1266 2054 vulnera
1297 2009 1409 2053 lavit
1440 2008 1589 2063 aqua!

463 2103 590 2149 Cum
621 2105 864 2149 Wakkero
896 2105 1023 2158 lego:
1041 2113 1087 2149 et
1103 2105 1246 2149 modo
1262 2104 1468 2149 formosa
1484 2106 1564 2158 qui
1582 2107 1726 2151 multa
1746 2106 1983 2159 Lycoride
1998 2120 2175 2160 passus-

460 2199 588 2244 Nam
634 2199 683 2244 in
729 2208 858 2244 textu
904 2199 1073 2244 tradito
1118 2200 1347 2244 ablativus
1394 2201 1522 2245 unde
1553 2202 1769 2254 pendeat,
1814 2217 1909 2246 non
1941 2200 2173 2254 intelligo;

461 2309 508 2338 m
523 2309 551 2339 o
564 2309 588 2338 r
602 2302 619 2338 t
631 2310 662 2339 u
676 2310 708 2339 u
722 2309 743 2339 s
776 2294 858 2346 Ly
875 2309 901 2339 c
915 2309 943 2339 o
957 2294 1006 2338 ri
1021 2295 1051 2338 d
1064 2294 1218 2339 e—sic
1235 2295 1729 2340 Lachmannus—sine
1746 2295 1891 2340 dubio
1909 2295 2074 2340 falsum
2091 2303 2175 2347 est,

460 2398 511 2434 ut
554 2390 692 2434 docet
733 2389 937 2435 historia.
970 2389 1220 2435 Praeterea
1250 2398 1377 2435 recte
1409 2390 1628 2435 observat
1661 2391 1885 2443 Paleyus:
1919 2389 2107 2443 „There
2139 2390 2177 2435 is

462 2499 593 2529 some
636 2484 918 2537 probability
962 2484 1010 2529 in
1057 2484 1307 2530 Wakker's
1338 2484 1622 2538 conjecture,
1653 2485 1734 2539 qui
1766 2486 1911 2531 multa
1942 2486 2178 2538 Lycoride

461 2594 637 2631 passus,
685 2579 813 2624 since
851 2580 930 2624 the
962 2588 1072 2632 poet
1101 2595 1210 2632 may
1241 2580 1350 2624 well
1382 2581 1503 2625 have
1535 2582 1817 2634 suppressed
1848 2582 1928 2626 the
1959 2597 2098 2626 name
2129 2581 2177 2626 in

463 2674 807 2719 consideration
839 2675 888 2719 of
919 2674 991 2719 his
1023 2676 1321 2727 melancholy
1352 2676 1490 2720 end”.

462 2768 656 2814 Nomen
666 2768 791 2814 Galli
805 2770 864 2814 ad
873 2770 1203 2822 explicandum
1217 2770 1503 2823 adscriptum
1521 2787 1552 2824 p
1560 2787 1614 2817 as
1623 2787 1644 2817 s
1653 2789 1683 2817 u
1692 2788 1713 2817 s
1730 2773 1963 2826 expulisse
1977 2773 2177 2818 videtur.

385 3439 414 3486 ¹)
463 3444 524 3478 hic
547 3455 595 3472 Ξ
619 3445 657 3478 in
681 3445 755 3479 hi·
780 3446 941 3487 scriptio,
966 3447 1012 3481 cf.
1037 3448 1129 3481 haec
1154 3448 1191 3482 in
1217 3460 1252 3483 v.
1277 3447 1335 3482 81.
