2566 3886
1094 254 1270 300 —287
1302 280 1363 286 —

1156 386 1250 430 heu
1282 385 1498 439 quotiens
1528 385 1671 430 fidem

833 490 1126 534 mutatosque
1157 481 1272 525 deos
1302 481 1431 525 flebit
1462 489 1508 525 et
1538 495 1703 533 aspera

975 576 1116 630 nigris
1147 590 1352 629 aequora
1383 575 1536 620 ventis

1060 670 1332 715 emirabitur
1363 669 1581 722 insolens,

834 766 914 819 qui
946 781 1073 811 nunc
1103 774 1149 810 te
1180 765 1351 810 fruitur
1381 764 1600 809 credulus
1631 779 1786 816 aurea,

441 861 686 907 confitetur
716 877 767 907 se
798 862 951 914 ipsum

1250 955 1394 1001 uvida

947 1051 1245 1104 suspendisse
1276 1050 1454 1103 potenti

1019 1145 1297 1190 vestimenta
1327 1144 1468 1189 maris
1499 1145 1604 1190 deo.

444 1243 590 1288 Haud
634 1241 917 1287 dissimiliter
960 1239 1164 1286 Ovidius
1207 1240 1267 1285 de
1309 1239 1531 1293 periculis
1574 1240 1746 1285 amoris
1783 1241 1990 1294 loquitur
2020 1242 2082 1287 A.
2115 1258 2155 1287 a.

444 1339 482 1391 1,
512 1338 682 1392 411sq:

948 1440 1060 1476 tunc
1092 1430 1130 1476 si
1162 1430 1267 1483 quis
1298 1430 1506 1476 creditur
1536 1431 1643 1483 alto,

665 1528 745 1572 vix
777 1526 924 1572 tenuit
954 1527 1133 1571 lacerae
1164 1525 1383 1579 naufraga
1413 1526 1627 1571 membra
1657 1526 1810 1571 ratis”.

446 1707 602 1752 Versu
618 1706 647 1751 9
678 1706 828 1750 mihi
860 1714 987 1750 recte
1003 1720 1031 1750 a
1050 1704 1281 1758 Postgatio
1298 1704 1580 1757 explicatur:
1613 1704 1797 1756 „from
1831 1720 1877 1749 m
1894 1720 1936 1757 e,
1962 1705 2160 1759 literally

448 1803 542 1847 tor
587 1817 678 1854 my
724 1799 982 1851 benesit‚
1020 1799 1078 1844 cf.
1102 1800 1209 1844 Val.
1243 1798 1398 1844 Flacc.
1431 1799 1518 1851 ΙΙΙ,
1550 1798 1663 1844 491:
1703 1799 1891 1845 Pallada
1927 1834 2155 1845 ............

445 1897 605 1942 fallere
636 1896 824 1941 molitur
854 1910 1128 1948 caroque
1161 1894 1280 1939 dolis
1310 1903 1524 1939 avertere
1554 1894 1773 1939 fratri.

448 1991 591 2043 Quod
635 2006 695 2035 ex
737 1998 1034 2044 poterant
1076 1997 1371 2034 avertere
1412 1988 1613 2034 verbum
1653 1990 1712 2034 ad
1744 2004 2006 2042 pronomen
2051 2000 2160 2045 ego

447 2086 761 2139 supplendum
793 2093 877 2137 est,
908 2084 1083 2138 optime
1114 2084 1386 2129 defenditur
1417 2084 1503 2136 IV,
1538 2084 1607 2136 11,
1639 2083 1722 2129 79:

598 2190 644 2225 et
674 2180 713 2225 si
744 2180 858 2234 quid
890 2179 1117 2224 doliturus
1148 2178 1254 2230 eris,
1286 2178 1386 2224 sine
1417 2179 1611 2224 testibus
1642 2179 1731 2224 iuis
1762 2179 1848 2235 (sc.
1881 2180 2060 2237 doleto)

448 2291 544 2330 quo
574 2277 679 2321 loco
710 2291 806 2321 non
837 2275 1155 2328 recipiendam
1187 2287 1290 2318 esse
1323 2273 1474 2318 Bootii
1505 2273 1823 2319 coniecturam
1866 2274 1912 2319 fl
1926 2290 1953 2319 e
1984 2290 2071 2327 pro
2102 2284 2163 2320 et

449 2370 686 2426 (Biidrage
726 2379 793 2415 tot
830 2371 890 2415 de
934 2369 1115 2414 Kritiek
1158 2384 1219 2414 en
1247 2368 1516 2422 verklaring
1545 2384 1637 2413 van
1683 2369 1968 2423 Propertius’
2000 2371 2159 2415 laatste

450 2465 610 2519 elegie,
651 2480 696 2518 p.
743 2464 823 2521 35)
866 2465 947 2510 vix
989 2473 1059 2510 est
1101 2464 1229 2517 quod
1273 2478 1505 2508 moneam.
1550 2463 1689 2508 Locis
1720 2479 1748 2509 a
1779 2463 1978 2510 Fostero
2019 2466 2164 2511 allatis

448 2559 600 2605 adicio
630 2559 718 2611 ΙΙΙ,
749 2559 821 2612 21,
853 2558 934 2604 33:

672 2669 756 2699 seu
787 2654 974 2706 moriar,
1004 2654 1114 2706 fato,
1146 2668 1241 2698 non
1273 2653 1398 2705 turpi
1428 2653 1602 2698 fractus
1633 2669 1807 2706 amore,

453 2748 535 2793 ubi
559 2748 759 2793 Vossius
790 2757 837 2793 et
854 2748 1166 2793 Baehrensius
1198 2762 1285 2800 pro
1316 2763 1338 2792 s
1352 2763 1424 2793 eu
1456 2763 1551 2793 non
1583 2757 1711 2793 recte
1742 2749 1791 2793 si
1807 2764 1832 2793 c
1864 2749 2165 2803 scripserunt.

1170 2926 1311 2933 ἢ

1022 3094 1276 3140 ELEGIA
1306 3094 1468 3139 XXV.

355 3239 397 3284 5.
459 3243 548 3284 Ista
578 3255 682 3285 sum
714 3250 875 3293 captus
907 3241 966 3285 ab
997 3250 1109 3286 arte.

457 3332 532 3379 Sic
588 3335 789 3380 codices.
847 3335 962 3380 Non
1018 3335 1285 3381 debuerunt
1341 3336 1555 3390 plerique
1614 3337 1703 3381 viri
1762 3338 1887 3383 docti
1941 3354 2165 3392 spernere

461 3429 772 3475 Heimreichii
803 3431 1121 3476 coniecturam
1153 3446 1180 3475 c
1193 3446 1220 3475 a
1233 3446 1265 3476 u
1278 3439 1295 3475 t
1308 3446 1340 3476 u
1353 3446 1389 3476 s.
