2566 3886
1115 241 1381 287 —358—

458 372 535 415 die
566 372 653 415 der
683 370 841 416 Sohne
873 372 971 415 und
1005 372 1092 415 der
1121 371 1330 416 Tochter
1361 371 1705 425 eingeschoben
1738 373 1837 417 und
1872 373 1980 417 lasst
2009 374 2173 418 ander-

456 466 565 511 seits
611 466 688 511 die
720 466 1054 520 Vermehrung
1085 467 1183 511 und
1217 467 1475 520 Erhaltung
1506 467 1592 511 der
1623 466 1821 512 Familie
1853 467 1994 520 vollig
2025 468 2169 512 unbe-

456 561 771 615 riicksichtigt.
820 561 1126 615 Dahingegen
1175 562 1331 606 durfte
1378 563 1451 614 da,
1501 577 1578 607 wo
1624 577 1720 606 von
1753 562 1845 606 den
1879 562 2056 615 Klagen
2088 563 2175 607 der

460 655 642 701 Mutter
672 657 770 701 und
803 658 886 702 des
919 656 1160 710 Augustus
1193 657 1270 702 die
1303 657 1438 702 Rede
1470 657 1541 709 ist,
1574 657 1693 702 auch
1724 658 1810 701 der
1845 656 2029 701 Bruder
2045 657 2175 702 nicht

458 750 631 795 fehlen.
665 751 789 796 Hier
819 752 916 796 also
947 767 1046 796 war
1077 752 1153 796 die
1186 750 1326 796 Stelle
1357 753 1431 796 fiir
1462 768 1507 796 v.
1540 751 1612 796 65.
1642 751 1713 796 66.
1746 751 1846 797 Gut
1867 751 1977 796 trifft
1995 766 2045 796 es
2061 751 2176 804 sich,

460 846 565 890 dass
582 846 732 890 durch
750 846 826 890 die
843 846 1215 901 Wiederholung
1230 849 1314 893 des
1331 848 1572 892 vidimus
1603 848 1703 892 sich
1720 847 1797 892 die
1814 846 2178 900 Zugehorigkeit

460 956 523 985 zu
568 956 614 984 v.
661 940 718 985 60
765 942 883 986 auch
929 942 1184 986 aiisserlich
1232 942 1624 987 dokumentiert.'’
1673 941 1848 995 Neque
1879 950 2035 986 tamen
2067 955 2176 986 cum

463 1034 640 1080 Ottone
667 1050 859 1080 versum
889 1035 946 1080 65
979 1036 1044 1081 sic
1076 1036 1407 1089 corrigendum
1439 1045 1578 1090 puto:

579 1130 784 1175 vidimus
817 1139 863 1176 et
892 1131 1081 1176 fratrem
1113 1132 1274 1176 sellam
1306 1131 1537 1184 gemuisse
1569 1131 1796 1183 curulem,

462 1227 545 1270 sed
578 1226 744 1270 melius
776 1241 892 1278 esse,
925 1227 1053 1280 quod
1087 1226 1287 1271 coniecit
1320 1226 1658 1271 Baehrensius:

581 1321 786 1366 vidimus
818 1330 863 1366 et
893 1322 1083 1366 fratrem
1115 1323 1228 1367 sella
1258 1322 1306 1366 in
1338 1322 1569 1375 gemuisse
1598 1320 1763 1366 curuli.

462 1415 762 1461 Pentameter
792 1414 864 1474 (v.
881 1415 967 1474 66)
985 1419 1125 1471 vulgo
1151 1427 1399 1470 corruptus
1415 1417 1627 1468 habetur,
1645 1416 1897 1470 variaeque
1913 1415 2179 1469 propositae

464 1521 572 1556 sunt
602 1512 913 1564 coniecturae,
946 1528 1145 1566 quarum
1178 1513 1469 1558 notissimae:

699 1608 895 1655 consule
924 1624 1019 1661 quo
1050 1609 1196 1653 iactus
1227 1617 1454 1660 tempore,
1486 1616 1616 1660 rapta
1646 1622 1780 1651 soror
1795 1603 2181 1663 (Lachmannus)

701 1704 894 1747 consule
940 1718 1050 1755 quo,
1087 1703 1207 1748 festo
1239 1711 1465 1756 tempore,
1497 1711 1628 1755 rapta
1658 1717 1791 1746 soror
1821 1696 2182 1759 (Koppiersius)

462 1795 509 1841 Si
541 1806 697 1842 tamen
743 1813 934 1843 versum
966 1807 1070 1852 post
1116 1807 1417 1851 tempore
1464 1796 1608 1856 (suo
1656 1806 1962 1849 tempore
2007 1817 2061 1834 =
2105 1795 2180 1840 ad

464 1901 585 1937 tem
603 1890 746 1951 pus)
790 1893 1053 1946 incidimus,
1096 1894 1212 1938 nihil
1258 1894 1535 1938 mutandum
1568 1900 1651 1945 est,
1683 1900 1734 1937 ut
1764 1891 1839 1936 vir
1870 1892 2035 1935 doctus
2067 1889 2182 1935 Otto

466 1989 723 2034 rectissime
754 1989 1038 2034 observavit.

332 2124 404 2170 69.
422 2124 493 2170 70.
525 2134 572 2170 et
602 2126 723 2171 serie
753 2126 914 2171 fulcite
946 2135 1117 2179 genus:
1150 2125 1263 2170 mihi
1296 2125 1469 2170 cumba
1499 2123 1675 2169 volenti

342 3016 413 3061 76.

343 3146 413 3191 82.

600 2221 797 2266 solvitur
827 2221 1038 2266 uncturis
1070 2228 1136 2265 tot
1167 2235 1272 2265 mea
1303 2221 1393 2265 fata
1424 2220 1558 2264 malis

470 2315 597 2361 Cum
626 2316 746 2360 fata
772 2330 995 2369 corpus
1027 2324 1335 2360 mortuum
1358 2314 1616 2367 significare
1632 2329 1783 2367 posse,
1800 2322 1851 2358 ut
1865 2312 2185 2358 Rothsteinius

470 2412 571 2455 vult
601 2411 768 2455 collato
807 2411 843 2462 I,
885 2410 953 2462 17,
989 2410 1041 2455 11
1075 2408 1182 2468 (ubi
1214 2411 1325 2455 vide
1357 2407 1483 2467 nos),
1515 2417 1754 2462 negemus,
1785 2407 2038 2461 quaeritur,
2070 2406 2185 2460 quid

470 2505 519 2550 in
566 2514 858 2558 pentametro
905 2506 1155 2559 legendum
1202 2505 1260 2549 sit
1290 2519 1376 2556 pro
1408 2504 1688 2549 solvitur
1719 2502 2025 2553 uncturis,
2057 2501 2186 2555 quod

472 2601 519 2645 in
553 2601 694 2645 DVL
739 2601 1007 2652 invenitur;
1056 2601 1139 2644 sed
1186 2607 1511 2651 exspectamus
1551 2598 1741 2651 aliquid,
1773 2597 1901 2650 quod
1933 2595 2188 2648 respondet

473 2695 635 2748 primis
682 2695 866 2740 distichi
915 2695 1098 2740 verbis:
1146 2704 1204 2739 et
1253 2694 1421 2739 serie
1467 2693 1695 2738 fulcite
1741 2701 1946 2745 genus.
1995 2690 2188 2743 Optime

473 2799 628 2836 autem
660 2791 844 2836 distichi
876 2791 1105 2836 sententia
1135 2790 1405 2841 restituitur,
1437 2788 1474 2834 si
1507 2803 1615 2833 cum
1648 2787 1773 2832 Italis
1814 2785 2110 2837 aucturis,
2143 2792 2189 2830 et

474 2886 630 2938 facta,
648 2895 694 2930 et
725 2902 833 2931 cum
858 2886 1093 2931 Palmerio
1111 2885 1417 2938 Francogallo
1442 2884 1577 2928 meis
1603 2898 1689 2935 pro
1715 2882 1872 2927 malis
1894 2880 2188 2934 corrigimust

476 3015 603 3061 Cum
652 3017 706 3061 L.
756 3017 994 3061 Muellero
1041 3032 1128 3070 pro
1159 3015 1394 3061 ferenda
1424 3014 1616 3059 fortasse
1647 3012 1893 3058 fovenda
1924 3011 2188 3064 legendum.

475 3147 751 3200 somniaque
782 3147 830 3192 in
862 3147 1027 3192 faciem
1059 3146 1237 3191 credita
1267 3159 1406 3197 saepe
1438 3159 1591 3188 meam

476 3242 490 3285 i
508 3257 538 3285 n
575 3241 600 3285 f
610 3257 637 3285 a
652 3257 677 3286 c
695 3242 709 3286 i
726 3257 752 3286 e
770 3257 817 3286 m
849 3257 875 3286 c
891 3258 915 3286 r
931 3257 958 3286 e
975 3243 1006 3286 d
1023 3242 1037 3286 i
1055 3250 1072 3286 t
1088 3257 1115 3286 a
1145 3250 1238 3286 tam
1263 3240 1446 3285 insolite
1463 3239 1639 3283 dictum
1656 3245 1739 3289 est,
1756 3244 1807 3280 ut
1825 3250 1885 3279 ne
1902 3250 1929 3279 a
1946 3233 2192 3286 Propertio

477 3336 669 3388 quidem
715 3338 805 3381 tale
849 3337 962 3390 quid
1009 3336 1221 3381 adhiberi
1268 3350 1405 3388 posse
1450 3334 1690 3379 videatur:
1737 3339 1864 3375 recte
1909 3329 2047 3382 igitur
2083 3344 2191 3374 cum

479 3430 688 3476 Graevio
719 3447 743 3476 r
759 3447 785 3477 e
802 3433 833 3476 d
850 3433 881 3476 d
898 3432 912 3477 i
929 3441 946 3477 t
962 3447 989 3477 a
1019 3431 1205 3484 reponit
1236 3430 1484 3475 Hartman.
