2566 3886
350 1172 419 1218 15.

342 1648 413 1693 21.

1157 282 1394 328 -66-

485 412 771 458 Baehrensio
803 428 833 457 n
848 429 875 458 e
906 421 923 457 t
940 413 953 457 i
969 413 999 458 b
1015 413 1030 458 i
1062 413 1144 458 sit
1167 414 1197 458 d
1212 430 1243 459 ιι
1257 429 1321 460 ro
1335 429 1356 459 s
1381 430 1427 459 m
1441 429 1471 459 o
1485 430 1515 459 n
1529 423 1547 459 t
1563 430 1590 460 e
1603 430 1625 460 s
1649 430 1746 468 eqs.
1774 416 2102 471 corrigendum
2129 418 2199 464 sit.

485 507 596 552 Hoc
628 516 783 552 tamen
816 507 949 561 eligo,
981 522 1041 552 ne
1074 523 1120 552 m
1135 523 1164 553 ο
1178 524 1209 552 ιι
1223 517 1241 553 t
1254 524 1281 553 e
1294 524 1316 553 s
1347 523 1433 554 suo
1464 518 1618 554 careat
1648 511 1868 562 epitheto.

484 601 598 646 Non
645 617 765 656 opus
802 611 871 648 est
903 603 1102 648 Livenei
1135 603 1426 648 correctione
1457 619 1485 649 e
1501 620 1532 649 x
1547 619 1579 657 p
1591 619 1618 649 e
1631 619 1655 649 r
1671 613 1689 649 t
1701 619 1730 650 o
1761 620 1847 657 pro
1879 621 1906 650 e
1920 621 1951 651 x
1967 620 1999 659 p
2010 621 2038 651 e
2054 623 2078 652 r
2090 615 2108 652 t
2121 623 2150 652 o
2163 623 2199 660 s,

483 713 624 750 quam
640 698 818 750 recepit
836 698 1162 743 Baehrensius.
1182 698 1329 744 Recte
1343 699 1470 744 enim
1503 715 1534 744 n
1548 715 1575 745 e
1589 715 1621 753 q
1638 715 1669 745 u
1683 715 1710 745 e
1742 715 1769 745 e
1783 716 1814 745 x
1826 716 1858 754 p
1872 716 1899 746 e
1913 716 1937 745 r
1948 709 1966 745 t
1976 716 2006 746 o
2020 716 2042 746 s
2058 722 2111 745 =
2141 717 2168 747 e
2183 710 2201 747 t

479 793 541 837 in
559 808 586 837 e
603 808 634 837 x
650 807 681 846 p
695 808 722 838 e
734 802 785 837 rt
798 808 827 838 ο
843 808 865 838 s
914 808 942 838 a
985 793 1219 847 Postgatio
1269 790 1310 851 1)
1355 794 1614 846 explicatur
1659 804 1929 848 comparato
1975 795 2053 840 Sil.
2101 796 2199 842 Ital.

482 886 642 940 3‚496:
689 889 869 941 primus
915 888 1181 941 inexpertas
1223 888 1335 933 adiit
1381 887 1658 941 Tirynthius
1695 904 1827 935 arces
1872 888 1962 948 (sc.
2008 888 2199 949 Alpes),

481 983 562 1028 ubi
595 984 652 1028 in
666 998 693 1029 e
705 999 736 1029 x
753 999 784 1037 p
798 999 825 1029 e
838 999 863 1028 r
875 992 893 1028 t
916 999 944 1029 a
955 999 976 1028 s
1007 1007 1061 1025 =
1092 984 1270 1029 nemini
1301 985 1455 1030 adhuc
1487 999 1781 1030 conscensas.

483 1173 523 1218 E
541 1189 679 1218 rror
724 1174 800 1218 hic
839 1174 954 1218 vitio
986 1174 1164 1226 deberi,
1196 1189 1402 1227 cumque
1434 1174 1685 1220 Fonteinio
1716 1175 1917 1220 ardor
1948 1176 2197 1230 legendum

478 1283 580 1313 esse
612 1284 708 1314 non
739 1270 904 1322 credo;
937 1271 1065 1322 quod
1097 1270 1328 1315 vocabula
1358 1270 1463 1323 ign
1481 1285 1510 1315 o
1527 1270 1613 1315 tis
1644 1270 1706 1315 in
1738 1271 1877 1316 oris
1904 1271 2060 1316 addita
2076 1280 2197 1324 sunt,

477 1372 752 1417 argumento
775 1372 845 1408 est
876 1379 902 1408 e
919 1379 943 1408 r
959 1379 983 1408 r
999 1379 1028 1409 o
1044 1379 1069 1408 r
1101 1361 1144 1422 2)
1175 1373 1302 1409 recte
1334 1380 1384 1410 se
1418 1365 1622 1410 habere:
1655 1374 1779 1410 errat
1800 1366 1927 1411 enim
1961 1366 2198 1412 Hercules

446 1523 449 1524 ⁷
476 1459 524 1503 in
557 1459 711 1512 ignota
740 1467 865 1504 terra
897 1458 1058 1512 Hylan
1091 1474 1228 1504 suum
1261 1475 1506 1513 quaerens.

478 1649 736 1702 Placidis,
769 1650 897 1702 quod
931 1649 1159 1694 Heinsius
1191 1649 1238 1694 in
1271 1650 1557 1702 placitis
1603 1658 1784 1695 mutare
1820 1650 1982 1703 voluit,
2014 1652 2194 1697 servari

472 1753 624 1798 potest
640 1745 807 1790 collato
825 1744 912 1796 ΙΙΙ,
932 1743 1002 1796 19,
1026 1744 1067 1796 7,
1084 1744 1320 1796 placidum
1338 1753 1525 1798 portum
1540 1759 1551 1797 ;
1569 1745 1628 1789 cf.
1645 1754 1887 1797 praeterea
1904 1746 2195 1792 Lachmanni

473 1840 836 1885 adnotationem.

339 2031 411 2078 23.
428 2031 499 2077 24.
531 2040 577 2076 at
607 2046 766 2076 comes
798 2031 960 2076 invicti
991 2030 1176 2076 iuvenis
1207 2038 1499 2083 processerat
1529 2031 1650 2076 ultra

594 2141 747 2171 raram
780 2126 968 2178 sepositi
1000 2141 1230 2179 quaerere
1260 2126 1403 2171 fontis
1433 2141 1618 2179 aquam.

472 2221 516 2267 R
533 2237 561 2266 a
576 2237 600 2266 r
615 2237 642 2266 a
658 2237 706 2266 m
753 2236 780 2266 a
811 2222 1047 2266 nonnullis
1079 2221 1193 2266 viris
1224 2221 1372 2266 doctis
1401 2229 1675 2274 corruptum
1703 2221 1916 2273 habetur,
1938 2236 1998 2266 ex
2020 2221 2191 2275 quibus

473 2316 748 2370 Rutgersius
814 2331 836 2360 s
851 2331 879 2360 a
894 2330 921 2360 c
937 2331 961 2360 r
977 2331 1004 2360 a
1019 2331 1082 2368 m,
1101 2313 1144 2373 ⁸)
1197 2315 1474 2360 Fonteinius
1522 2331 1554 2369 p
1570 2332 1602 2361 u
1618 2331 1642 2360 r
1657 2331 1685 2360 a
1700 2331 1747 2360 m
1796 2316 2051 2369 proposuit.
2098 2315 2191 2362 Sed

469 2412 561 2457 iam
625 2411 854 2456 Heinsius
914 2419 1093 2456 textum
1154 2411 1374 2455 traditum
1436 2410 1659 2463 defendit,
1712 2411 1795 2464 qui
1846 2410 1895 2455 in
1945 2409 2086 2455 Notis
2130 2411 2190 2456 ad

471 2507 770 2561 Propertium
803 2521 847 2559 p.
880 2505 968 2550 675
999 2503 1053 2563 (a
1090 2494 1363 2550 Burmanno
1400 2505 1551 2558 editis,
1593 2502 1734 2563 1742)
1770 2505 2015 2551 observat:
2053 2505 2190 2557 „ideo

468 2602 649 2655 longius
679 2609 971 2655 processerat
1002 2600 1169 2654 Hylas,
1200 2601 1310 2654 quia
1339 2616 1444 2646 rara
1473 2601 1638 2655 aqua'’.

384 2804 410 2850 ¹)

460 2803 587 2842 select
613 2806 669 2841 El.
696 2818 730 2846 p.
755 2805 813 2840 94.

381 2912 412 2958 ²)
463 2915 690 2955 Nuperrime
717 2910 816 2957 (CR.
841 2912 983 2953 XXIV,
1010 2923 1043 2952 p.
1069 2909 1152 2955 213)
1177 2908 1431 2946 Phillimon-iu·
1457 2912 1710 2946 infelicissime
1737 2911 1920 2945 coniecit:

380 3468 405 3514 3)

453 3033 569 3063 quas
596 3021 708 3055 miser
734 3020 869 3062 ignotis
894 3030 979 3053 erro
1007 3029 1201 3059 perpessus
1228 3020 1266 3053 in
1291 3020 1367 3054 ori·

550 3092 725 3127 Herculi·
752 3091 934 3126 indomito
960 3090 1113 3125 fleverat
1138 3090 1316 3125 Ascanio.

452 3212 547 3251 Qui·
572 3222 732 3252 unquam
758 3218 868 3251 poeta
893 3209 1077 3251 elegimus
1103 3209 1230 3251 Hylan
1256 3209 1294 3243 H
1306 3221 1326 3244 e
1338 3221 1354 3243 ι-
1365 3220 1385 3243 c
1396 3221 1419 3243 u
1431 3209 1442 3243 l
1454 3210 1465 3243 i
1476 3221 1493 3243 ε
1518 3220 1539 3243 e
1550 3220 1567 3242 r
1579 3220 1596 3242 r
1607 3219 1630 3243 ο
1641 3220 1664 3241 ιι
1674 3219 1695 3242 c
1706 3220 1741 3242 m
1767 3208 1958 3242 nominare
1983 3218 2094 3241 auau-
2115 3213 2184 3241 ent.

453 3283 570 3322 Quasi
596 3293 679 3316 cum
706 3278 838 3316 Flauto
864 3281 985 3316 aliove
1011 3281 1156 3315 comico
1182 3281 1290 3316 nobi·
1316 3292 1375 3315 res
1401 3279 1519 3315 esset!
1546 3279 1594 3313 Et
1611 3280 1763 3314 omnino
1776 3279 1974 3313 absurdum
1987 3285 2045 3313 ent
2059 3277 2184 3319 Hylan

454 3353 492 3387 H
502 3364 523 3387 e
534 3365 552 3387 r
563 3365 583 3388 c
593 3365 616 3388 ιι
628 3354 661 3387 li
674 3365 691 3387 ο
726 3364 746 3386 e
759 3365 777 3386 r
787 3364 804 3386 r
815 3364 838 3387 o
849 3364 872 3386 ιι
882 3363 902 3386 e
915 3364 950 3386 m
985 3363 1134 3393 vocare,
1159 3352 1243 3393 quin
1270 3352 1385 3386 semel
1411 3352 1449 3385 in
1474 3362 1540 3386 oua
1564 3351 1642 3385 vit·
1667 3350 1858 3385 erraverit.

456 3468 557 3506 Idem
584 3471 745 3506 coniecit
772 3471 1012 3505 Hau-manu·
1039 3466 1139 3513 (JPh.
1166 3466 1268 3510 xvi,
1282 3481 1316 3510 p.
1331 3467 1378 3511 3),
1404 3471 1501 3510 quod
1522 3469 1662 3509 recepit
1690 3468 1899 3510 Postgatius
1924 3468 1963 3502 in
1975 3468 2063 3502 edit.
2080 3466 2182 3502 189⁴.
