2566 3886
301 405 372 451 36.

314 2512 382 2558 10.

315 3038 383 3083 13.

1106 272 1343 318 -10-

435 439 445 449 .
464 439 474 449 .
494 439 504 450 .
523 439 533 449 .
567 420 722 458 neque
754 413 939 450 assueto
971 413 1118 450 mutet
1150 420 1311 449 amore
1342 405 1514 449 locum.

436 500 770 552 Rothsteinius,
788 509 838 544 ut
866 500 925 544 lo
938 515 963 544 c
977 515 1008 544 u
1023 515 1070 544 m
1099 500 1333 551 defendat,
1351 515 1409 544 ex
1438 514 1465 544 a
1477 515 1499 544 s
1513 514 1534 544 s
1549 515 1579 544 u
1593 514 1620 544 e
1634 508 1651 544 t
1667 514 1696 544 o
1723 515 1751 544 a
1765 515 1811 544 m
1826 515 1855 545 o
1869 516 1892 544 r
1906 516 1932 545 e
1964 503 2149 555 supplet

434 596 703 649 genetivum
757 596 1013 640 amoris:
1065 610 1221 648 neque
1267 604 1415 640 mutet
1461 595 1617 640 locum
1666 595 1860 647 amoris;
1908 595 2148 649 languide;

434 707 542 736 cum
576 691 753 736 Ottone
783 689 994 749 (BphW.
1031 689 1158 742 1884,
1189 688 1245 748 9)
1275 691 1400 744 lege:
1433 699 1634 736 torum
1667 690 1726 735 cf.
1758 690 1798 743 4,
1833 689 1873 743 8,
1906 690 1977 736 28.

1059 1035 1313 1082 ELEGIA
1347 1035 1407 1080 II.

438 1178 615 1223 Iniuria
645 1177 964 1223 Phillimorius
996 1178 1174 1231 sprevit
1203 1177 1479 1223 lectionem:

557 1289 652 1318 non
684 1274 778 1318 ulla
809 1282 948 1318 tuae
981 1288 1092 1325 eqs.,
1125 1288 1266 1325 quam
1299 1273 1473 1318 habent
1505 1273 1615 1318 DV.

438 1416 607 1470 aspice,
651 1430 771 1468 quos
815 1415 1070 1460 summittat
1108 1416 1280 1460 humus
1311 1415 1517 1460 formosa
1548 1416 1742 1460 colores.

440 1513 584 1564 Quod
615 1527 757 1557 versu
789 1510 818 1556 9
842 1511 987 1556 form
1002 1526 1031 1555 o
1045 1526 1066 1555 s
1079 1525 1106 1555 a
1137 1519 1183 1555 et
1208 1526 1350 1555 versu
1374 1511 1435 1555 fo
1450 1526 1473 1554 r
1486 1526 1533 1555 m
1548 1526 1577 1555 o
1591 1511 1685 1555 siu
1698 1526 1719 1555 s
1741 1525 1888 1562 parvo
1909 1509 2155 1554 intervallo

438 1606 678 1659 repetitur,
710 1607 881 1651 multos
912 1605 1039 1650 viros
1072 1606 1235 1650 doctos
1266 1605 1473 1650 offendit.

440 1702 534 1747 Pro
591 1702 872 1746 formosa
932 1700 1161 1745 Heinsius
1222 1715 1568 1753 nemorosa,
1631 1701 1807 1746 Keilius
1854 1716 1947 1745 mu
1964 1714 2154 1752 scosa,

440 1797 717 1851 Suringarus
770 1805 817 1841 et
863 1796 1177 1841 Baehrensius
1231 1797 1262 1840 d
1279 1811 1310 1840 u
1325 1811 1371 1840 m
1386 1811 1415 1841 o
1429 1811 1450 1841 s
1465 1811 1492 1841 a
1524 1794 1579 1853 l),
1622 1795 1997 1842 Sandstroemius
2035 1811 2067 1840 n
2080 1811 2109 1841 o
2123 1811 2154 1840 n

440 1893 623 1944 iussa,
670 1890 1008 1936 Wakefieldius
1055 1905 1174 1935 non
1206 1906 1238 1934 v
1254 1905 1407 1943 orsa,
1459 1891 1769 1944 Rossbergius
1824 1906 1942 1936 non
1981 1899 2156 1943 mota,

442 1987 750 2032 Housmanus
782 2002 828 2031 m
843 2002 872 2031 o
885 2002 908 2030 r
922 2002 951 2031 o
963 2001 984 2031 s
998 2002 1026 2031 a
1056 1986 1360 2031 coniecerunt
1373 2000 1384 2039 ;
1417 2002 1504 2040 pro
1545 1987 1606 2031 fo
1622 2002 1646 2031 r
1657 2002 1703 2031 m
1719 2002 1748 2032 o
1763 1987 1852 2032 sio
1866 2002 1890 2031 r
1919 1987 2157 2032 Bentleius

441 2084 457 2128 f
470 2099 493 2128 r
509 2099 538 2128 o
552 2099 582 2128 n
597 2085 628 2128 d
643 2098 672 2128 o
686 2083 779 2128 sio
792 2098 830 2135 r,
862 2082 1198 2127 Lachmannus
1229 2083 1285 2127 fe
1300 2083 1342 2127 li
1358 2098 1384 2127 c
1399 2083 1413 2127 i
1428 2099 1458 2128 u
1473 2098 1494 2127 s
1526 2083 1921 2136 excogitaverunt.

442 2178 535 2225 Sed
588 2194 702 2224 num
768 2178 940 2222 mirum
1003 2186 1072 2222 est
1135 2177 1182 2221 in
1246 2178 1467 2229 carmine,
1527 2179 1656 2231 quod
1718 2179 1778 2223 de
1838 2178 1989 2222 forma
2054 2177 2157 2231 agit,

427 2274 658 2319 vocabula
686 2274 747 2318 fo
762 2289 785 2317 r
798 2288 845 2317 m
858 2287 899 2324 a,
929 2272 988 2317 fo
1001 2287 1025 2316 r
1039 2287 1085 2316 m
1100 2286 1130 2316 o
1144 2287 1165 2316 s
1177 2287 1208 2316 u
1223 2287 1244 2316 s
1276 2272 1460 2325 saepius
1491 2273 1694 2318 inveniri
1708 2273 1734 2318 Ρ
1765 2272 1998 2319 Sonorum
2030 2272 2157 2317 enim

442 2369 794 2415 similitudinem
827 2368 1020 2413 minime
1052 2367 1258 2412 vitarunt
1288 2377 1486 2413 veteres.
1507 2365 1550 2426 2)

446 2513 557 2558 Hoc
603 2528 745 2558 versu
792 2513 909 2558 levis
955 2513 1167 2566 quaestio
1213 2511 1416 2556 editores
1453 2511 1633 2563 dividit,
1667 2520 1822 2556 utrum
1855 2510 2156 2555 scribendum

444 2609 501 2654 sit
559 2617 622 2653 ut
659 2609 926 2653 veniant
971 2625 1031 2654 ex
1078 2608 1369 2653 correctione
1417 2607 1655 2659 Italorum,
1702 2622 1761 2651 an
1809 2615 1868 2651 et
1898 2606 2158 2650 veniant

445 2720 553 2749 cum
588 2704 647 2749 O.
682 2704 753 2748 Et
799 2720 1062 2749 assumsere
1099 2704 1346 2748 Vahlenus
1377 2711 1423 2747 et
1455 2701 1774 2747 Rothsteinius
1806 2701 1887 2754 qui
1918 2709 2159 2753 praeterea

444 2816 586 2846 versu
632 2800 661 2845 9
692 2816 812 2853 quo
858 2800 978 2854 legit.
1025 2799 1212 2844 Vereor
1258 2808 1429 2850 tamen,
1476 2814 1536 2843 ne
1582 2813 1703 2850 quo
1749 2806 1795 2842 et
1838 2796 2061 2842 melius
2092 2797 2159 2841 sic

445 2895 583 2941 nimis
614 2896 750 2949 longe
781 2896 902 2941 inter
933 2911 983 2941 se
1015 2896 1199 2940 distent.

447 3038 607 3083 Litora
638 3038 806 3083 nativis
836 3039 1121 3092 persuadent
1151 3038 1275 3090 picta
1305 3037 1470 3089 lapillis

446 3135 483 3179 P
498 3150 525 3179 e
540 3150 563 3178 r
576 3150 598 3178 s
610 3150 641 3179 u
654 3150 682 3179 a
695 3135 725 3179 d
740 3149 767 3179 e
781 3150 812 3178 n
826 3143 843 3178 t
881 3134 972 3178 iam
1004 3134 1063 3178 ab
1096 3133 1221 3178 Italis
1252 3140 1525 3185 corruptum
1557 3131 1766 3176 habitum
1798 3139 1880 3175 est.
1912 3129 2157 3174 Vahlenus

362 3276 393 3321 ¹)
443 3279 528 3314 Hoc
555 3279 694 3318 recepit
720 3278 877 3319 Woltier
904 3275 954 3321 (S.
971 3276 1029 3311 R⁴.
1047 3289 1079 3317 p.
1108 3274 1204 3320 105).

361 3346 393 3392 ²)
443 3350 507 3384 esa
546 3350 573 3390 Ῑ,
612 3351 645 3390 4,
683 3349 716 3390 5,
754 3349 796 3389 7;
833 3349 876 3389 Π,
906 3349 960 3389 15,
986 3349 1043 3389 24,
1069 3347 1136 3388 26;
1163 3347 1224 3388 ΠῙ,
1249 3346 1283 3387 8,
1312 3346 1366 3387 18,
1396 3346 1545 3387 193111,
1574 3346 1627 3387 10,
1656 3346 1710 3386 16,
1739 3345 1806 3386 183
1833 3345 1894 3385 111,
1926 3345 1980 3385 ll,
2010 3344 2064 3385 16,
2094 3343 2157 3384 173

457 3410 516 3450 111,
557 3410 611 3450 11,
652 3409 706 3450 19,
741 3409 799 3449 21,
838 3409 899 3449 qui
938 3409 1011 3442 loci
1037 3419 1057 3441 a
1085 3408 1256 3442 Vahleno
1282 3407 1396 3442 adl-ti
1425 3412 1530 3443 tunt:
1557 3405 1671 3440 Index
1699 3406 1784 3439 leot.
1809 3405 1908 3439 univ.
1936 3404 2058 3440 Bcrol.
2082 3403 2157 3437 hib.

459 3467 624 3509 1886187,
648 3479 680 3509 p.
709 3467 751 3502 10
777 3479 830 3511 aq.
