2566 3886
1117 259 1352 305 -56-

442 391 620 436 Melius
651 391 743 436 iam
777 390 1134 436 Lachmannus:
1163 387 1382 448 ,‚(solito)
1408 398 1717 435 mercatorem
1743 390 1850 435 lacit
1862 390 2160 444 Propertium

444 486 701 531 nostrum'’.

441 581 624 626 Multae
646 577 687 638 ¹)
740 580 1038 625 coniecturae
1087 580 1354 633 propositae
1400 588 1521 632 sunt,
1567 595 1767 634 quarum
1813 579 2050 626 lenissima
2094 591 2163 626 est

441 676 674 722 Kraffertii
692 673 766 733 ς’)ε

558 785 647 816 nec
680 770 795 815 mihi
827 769 1056 822 Cassiope
1103 785 1125 815 s
1142 770 1282 815 olid
1302 785 1332 815 o
1377 770 1537 815 visura
1566 770 1787 815 carinam.

442 866 488 911 Is
523 874 767 920 praeterea
802 865 1063 919 Cassiopen
1102 866 1231 911 sidus
1269 880 1371 911 esse
1408 874 1569 910 nostro
1599 866 1704 910 loco
1735 865 1837 910 iure
1867 873 2017 918 putat;
2048 866 2165 911 haec

441 970 549 1007 sunt
595 961 696 1007 eius
742 961 914 1006 verba:
976 961 1082 1013 „bei
1135 961 1222 1006 der
1270 960 1499 1013 Cassiope
1544 961 1660 1005 eher
1704 975 1763 1005 an
1810 960 1887 1005 ein
1933 960 2164 1006 obskures

441 1055 693 1102 Stfidtchen
730 1081 791 1087 -
827 1056 925 1101 und
963 1056 1184 1101 iiberdies
1220 1056 1307 1109 gab
1345 1071 1396 1100 es
1426 1056 1548 1101 zwei
1579 1056 1732 1101 dieses
1764 1055 1978 1100 Namens
2009 1080 2069 1086 —
2097 1056 2164 1100 als

440 1167 500 1197 an
517 1152 600 1196 das
616 1151 915 1196 allbekannte
932 1150 1125 1197 Gestirn
1143 1151 1295 1196 dieses
1313 1151 1541 1204 Namens,
1558 1152 1661 1196 hier
1677 1151 1754 1196 die
1771 1151 2163 1204 Reprfisentantin

441 1247 528 1291 der
558 1245 820 1298 Sternwelt,
851 1262 914 1291 zu
946 1246 1151 1298 denken,
1184 1246 1355 1291 basiert
1386 1247 1471 1291 auf
1511 1247 1541 1290 d
1559 1261 1627 1291 er
1673 1262 1720 1291 m
1738 1261 1813 1291 en
1831 1246 2163 1292 schlichen

442 1340 766 1395 Neigung‚
827 1341 941 1386 das
987 1340 1582 1394 Nachstliegende
1643 1341 1739 1385 als
1785 1356 1862 1385 zu
1923 1340 2164 1394 simpel

442 1451 569 1482 von
612 1436 729 1481 der
775 1436 964 1481 Hand
1010 1452 1084 1481 zu
1130 1435 1426 1481 weisen”.

308 1626 380 1672 25.
398 1625 470 1672 26.
501 1635 547 1672 at
576 1641 677 1679 vos,
708 1641 972 1680 aequoreae
1002 1627 1207 1672 formosa
1237 1625 1420 1670 Doride
1453 1634 1604 1678 natae,

562 1721 763 1767 candida
792 1721 918 1767 felici
953 1722 1119 1767 solvite
1150 1722 1257 1766 vela
1286 1722 1447 1766 choro.

446 1818 661 1864 Choro
693 1817 772 1871 N;
806 1826 953 1863 noto
985 1817 1111 1869 DV;
1144 1826 1399 1870 utrumque
1429 1816 1619 1861 delendi
1642 1825 1822 1869 potest:
1856 1816 2164 1863 Housmanus

443 1911 498 1972 (J
503 1913 589 1958 Ph.
620 1913 783 1965 XXII,
814 1910 900 1970 92)
930 1928 1027 1958 non
1058 1912 1213 1964 habet,
1245 1912 1374 1966 quod
1405 1912 1603 1956 alterum
1635 1912 1767 1956 alteri
1798 1913 2040 1964 praeferat.

443 2008 758 2054 Baehrensius
789 2023 922 2054 more
953 2023 1040 2053 suo
1071 2008 1322 2053 lectionem
1356 2007 1453 2052 DV
1484 2022 1647 2052 veram
1679 2008 1822 2053 ducit.

447 2104 684 2157 Equidem
702 2119 798 2149 non
822 2103 986 2149 dubito
1003 2104 1118 2158 quin
1136 2119 1244 2149 cum
1278 2102 1446 2148 NAF
1485 2103 1655 2148 choro
1685 2103 1935 2156 legendum
1968 2103 2039 2156 sit;
2056 2119 2164 2149 cum

446 2200 641 2244 choro
703 2198 933 2244 difficilius
995 2198 1053 2244 sit
1113 2199 1173 2243 ad
1220 2198 1573 2251 intelligendum
1620 2214 1761 2252 quam
1808 2207 1970 2251 noto,
2017 2214 2049 2244 n
2066 2207 2166 2244 oto

445 2294 716 2340 coniectura
776 2294 965 2339 videtur
1012 2293 1128 2345 eius,
1174 2293 1256 2347 qui
1301 2292 1559 2338 faciliorem
1605 2293 1856 2339 lectionem
1902 2294 2165 2348 excogitare

363 2437 388 2482 ι)
436 2436 615 2481 Paleyua:
641 2450 710 2473 nec
736 2439 825 2473 mihi
851 2434 1031 2479 Cassiope
1057 2439 1169 2473 solito
1195 2438 1319 2473 visura
1345 2439 1507 2473 carinam
1534 2445 1592 2473 est

740 2499 877 2539 omine,
902 2506 940 2532 et
966 2498 1110 2540 ingrato
1135 2498 1246 2532 litore
1271 2505 1360 2532 vota
1385 2500 1532 2533 cadunt.

432 2593 649 2628 Kuhlewein
675 2590 833 2636 (Festgr.
858 2594 883 2627 f.
911 2593 1144 2635 Heerwagen
1171 2605 1204 2633 p.
1230 2589 1285 2636 2):

740 2663 809 2687 nec
835 2653 925 2687 mihi
951 2648 1150 2693 Cassiopes
1176 2653 1310 2687 saltum
1335 2653 1460 2687 visura
1486 2654 1622 2687 carina.

438 2749 619 2784 Richards
645 2744 739 2792 (CR.
764 2748 855 2789 Xlll,
882 2760 915 2789 p.
943 2744 999 2791 15)

741 2819 810 2842 nec
836 2808 926 2842 mihi
952 2803 1133 2848 Cassiope
1159 2808 1290 2842 saltem
1317 2808 1443 2843 visura
1468 2809 1644 2843 carinam.

431 2899 524 2941 otto
549 2899 704 2947 (Bphw.
732 2899 835 2946 1884)
861 2914 929 2938 nec
955 2903 1046 2938 mihi
1071 2898 1251 2944 Cassiope
1278 2904 1393 2938 stulto
1418 2904 1543 2939 visura
1568 2904 1744 2939 carinam.

432 2996 581 3034 Palmer
607 2994 705 3042 (CR.
730 2999 768 3040 ll,
795 3011 828 3040 p.
854 2995 913 3042 38)

740 3070 810 3093 uec
835 3059 926 3093 mihi
951 3054 1132 3099 Cassiope
1158 3059 1241 3093 solo
1266 3059 1391 3093 visura
1416 3060 1590 3094 carinam.

434 3120 515 3154 solo
540 3130 587 3147 =
613 3119 695 3153 soli.

434 3180 532 3214 ldem
559 3175 647 3222 (Ha,
673 3178 750 3219 Xll‚
777 3190 811 3219 p.
837 3174 918 3221 98):

739 3249 808 3272 nec
835 3238 924 3273 mihi
950 3233 1150 3279 Cassiopes
1176 3238 1264 3273 litus
1288 3238 1414 3273 visura
1440 3239 1613 3273 carinast.

363 3330 391 3376 ²)
440 3329 537 3368 Phil.
564 3333 667 3375 xxl‚
692 3333 785 3375 684;
812 3334 941 3375 Beitr„
968 3345 1001 3374 p.
1030 3334 1108 3368 141.

434 3393 480 3427 cf.
507 3393 589 3427 Liv.
614 3394 672 3434 44,
699 3393 740 3428 5:
768 3394 889 3428 solido
916 3394 1141 3433 procedebat
1166 3395 1316 3434 elephas

434 3452 547 3499 Verg.
573 3452 669 3487 Aen.
718 3452 782 3497 Xl,
808 3452 898 3490 ⁴27:
924 3453 1062 3491 multos
1087 3453 1125 3489 iu
1151 3454 1271 3492 solido
1298 3465 1424 3490 rursus
1449 3454 1595 3491 fortuna
1621 3454 1770 3490 locavit.
