2566 3886
376 382 416 426 5.

349 1812 420 1857 11.

1152 251 1387 296 -64-

480 390 548 427 est
580 381 662 426 tibi
694 397 789 426 non
823 381 941 427 inira
972 382 1192 435 speciem,
1224 397 1319 427 non
1352 382 1543 428 nomine
1575 383 1745 435 dispar,

593 477 968 523 Thiodamanteo
1000 478 1242 530 proximus
1273 478 1413 523 ardor
1446 478 1604 530 Hylae

476 573 571 617 Pro
603 588 624 618 s
642 573 886 626 peciem
920 572 1178 626 Postgatius
1210 573 1424 625 specie
1455 573 1562 626 legit
1593 588 1653 618 ex
1683 572 1953 618 coniectura
1991 572 2192 625 Heinsii,

478 669 561 713 sed
594 668 761 713 intra
792 669 1009 721 specie
1040 683 1126 721 pro
1158 668 1434 714 inferior
1464 668 1675 721 specie
1706 668 1896 714 defendi
1927 683 2064 721 posse
2095 684 2190 714 non

479 764 638 816 credo,
662 779 818 817 neque
835 765 1002 809 melior
1018 773 1087 809 est
1103 764 1332 809 correctio
1350 764 1623 809 Baehrensii
1654 764 1813 817 impa
1828 780 1852 809 r
1882 779 1969 817 pro
2000 764 2059 809 in
2074 765 2194 809 fra:

479 859 545 904 sic
591 860 718 904 enim
766 859 962 912 impar
1007 868 1053 904 et
1099 859 1313 912 dispar
1349 875 1446 905 uno
1477 860 1742 913 eodemque
1774 874 1915 905 versu
1947 859 2194 906 invenuste

478 955 853 1009 coniunguntur;
885 955 968 999 sed
1000 963 1127 1000 recte
1158 955 1298 1000 habet
1330 955 1542 1009 vulgatat
1589 963 1658 1000 est
1689 955 1772 1000 tibi
1804 955 2005 1000 amasius
2036 971 2192 1009 neque

482 1050 602 1095 inira
633 1049 837 1103 speciem
871 1050 1030 1103 Hylae
1061 1065 1217 1104 neque
1249 1050 1440 1095 nomine
1471 1050 1641 1102 dispar.

479 1147 536 1190 cf.
571 1145 691 1191 Hor.
724 1144 815 1191 Sat.
849 1146 909 1190 ΙΙ.
945 1145 984 1190 1.
1017 1145 1094 1190 75:
1453 1146 1684 1199 quidquid
1716 1161 1820 1190 sum
1850 1155 1950 1199 ego,
1982 1146 2197 1199 quamvis

1185 1241 1304 1286 inira
1337 1241 1488 1286 Lucili
1519 1256 1713 1286 censum
1746 1241 2079 1294 ingeniumque
2096 1273 2106 1285 .
2140 1274 2151 1285 .
2184 1274 2195 1285 .

480 1433 606 1477 bunc
638 1441 703 1485 tu,
735 1433 835 1478 sive
866 1433 990 1486 leges
1022 1432 1271 1477 umbrosae
1302 1432 1495 1477 flumina
1525 1431 1685 1484 silvae,

596 1527 697 1572 sive
728 1526 919 1572 Aniena
948 1537 1053 1574 tuos
1084 1527 1274 1572 tinxerit
1305 1527 1432 1572 unda
1462 1526 1622 1579 pedes,

479 1622 581 1667 sive
613 1621 843 1676 Gigantea
873 1624 1134 1676 spatiabere
1165 1623 1312 1669 litoris
1343 1638 1439 1675 ora,

597 1718 698 1763 sive
730 1718 1018 1772 ubicumque
1050 1728 1168 1773 vago
1199 1719 1404 1764 fluminis
1436 1718 1651 1770 hospitio,

483 1812 819 1866 Nympharum
852 1829 1039 1868 semper
1069 1814 1264 1867 cupidas
1295 1814 1498 1859 defende
1528 1813 1728 1866 rapinas.

478 1909 593 1955 Non
626 1925 818 1963 possum
850 1919 954 1964 post
985 1911 1144 1965 longas
1164 1910 1378 1956 virorum
1394 1910 1643 1955 doctorum
1661 1909 1986 1962 deputationes
2002 1910 2198 1955 credere

480 2004 833 2051 Umbrosae
864 2007 1130 2052 {lumina
1160 2006 1360 2051 silvae
1391 2006 1457 2051 sic
1490 2022 1518 2051 a
1549 2006 1795 2059 Propertio
1826 2021 1928 2051 esse
1959 2005 2197 2059 scriptum,

479 2115 588 2145 cum
619 2101 836 2146 versibus
864 2100 892 2146 8
909 2109 956 2146 et
970 2100 999 2146 9
1015 2101 1188 2147 diserte
1205 2102 1417 2146 locorum
1435 2101 1626 2146 nomina
1641 2100 1886 2146 addiderit.
1904 2100 2200 2146 Generaliter

480 2196 607 2241 enim
639 2211 781 2241 versu
814 2196 1000 2241 decimo
1032 2197 1226 2241 demum
1258 2196 1479 2249 loquitur.

477 2289 654 2343 Neque
684 2299 840 2335 tamen
873 2290 1075 2344 Scaliger
1100 2306 1268 2336 verum
1290 2291 1526 2336 invenisse
1542 2291 1731 2336 videtur
1754 2289 1924 2336 Silae
1947 2291 2198 2336 scribendo

477 2400 564 2437 pro
597 2383 825 2437 Silvae,
864 2400 974 2430 cum
1008 2384 1258 2430 Nissenius
1289 2382 1532 2442 (Italische
1565 2385 1800 2430 Landesk.
1834 2385 1870 2437 Ι,
1888 2382 2002 2442 246)
2033 2386 2199 2430 doceat

478 2479 619 2525 Silam
657 2480 922 2525 habendam
946 2481 1067 2525 inter
1097 2480 1311 2534 regiones
1344 2480 1501 2525 Italiae
1532 2480 1735 2525 maxime
1766 2480 1976 2533 incultas,
2009 2495 2036 2525 a
2067 2481 2197 2525 nullo

475 2576 576 2621 fere
608 2576 786 2621 viatore
817 2584 1093 2630 peragratas.

478 2671 713 2724 Equidem
745 2686 855 2716 cum
888 2671 1099 2716 Hoefftio
1131 2672 1285 2725 legere
1316 2671 1485 2716 velim:

476 2766 604 2810 hunc
636 2773 700 2818 tu,
732 2764 833 2809 sive
864 2765 988 2818 leges
1021 2763 1297 2809 Umbrae
1329 2779 1509 2809 sacra
1538 2764 1733 2810 flumina
1763 2765 1922 2810 silvae.

471 2860 629 2906 Versu
678 2860 730 2905 11
780 2859 1031 2905 verborem
1079 2859 1293 2904 ordinem
1342 2859 1508 2905 melius
1554 2860 1602 2904 in
1650 2860 1747 2905 DV
1788 2875 1929 2913 quam
1962 2860 2010 2905 in
2049 2859 2141 2905 AF
2145 2859 2194 2905 N

475 2963 712 3000 servatum
774 2970 877 2999 esse
939 2954 1142 2999 monitus
1210 2954 1270 2999 ab
1334 2954 1616 2999 Housmano
1676 2970 1763 3007 pro
1827 2964 1956 3000 certo
2018 2955 2196 3000 habeo:

477 3059 546 3095 est
593 3050 720 3095 enim
768 3065 870 3095 mos
918 3049 1149 3103 Propertii
1200 3049 1248 3094 in
1295 3065 1461 3095 versus
1499 3051 1644 3095 altera
1689 3058 1820 3103 parte
1851 3050 2194 3095 substantivum

474 3160 666 3199 ponere,
726 3145 775 3190 in
830 3145 974 3190 altera
1018 3144 1301 3190 adiectivum
1347 3145 1407 3189 ad
1454 3144 1502 3189 id
1546 3144 1887 3190 substantivum
1933 3145 2196 3198 pertinens:

476 3242 534 3286 ci.
575 3240 780 3287 Housm.
826 3240 945 3286 JPh.
991 3239 1129 3292 XXI,
1175 3256 1220 3293 p.
1270 3239 1369 3292 171,
1402 3248 1448 3285 et
1478 3255 1632 3286 meam
1664 3241 1722 3286 ad
1756 3240 1842 3293 IV,
1874 3241 1915 3286 7.
1947 3240 1974 3286 7
2007 3241 2194 3286 adnota-

476 3337 666 3382 tionem.

479 3432 728 3477 Praeterea
759 3447 867 3478 cum
900 3432 1025 3477 Italis
1056 3431 1355 3485 cupidus.
1377 3465 1420 3476 ..
1451 3431 1697 3485 rapinis
1727 3432 1922 3486 corrigo.
