2566 3886
466 355 535 401 13.

457 1219 526 1264 15.

444 2647 513 2693 16.

442 3123 510 3169 18.

1257 226 1524 272 —352—

596 371 692 401 non
724 356 879 402 minus
911 356 1100 402 immitis
1131 356 1294 401 habuit
1324 355 1549 402 Cornelia
1580 355 1779 402 Parcas:

670 460 716 496 et
747 466 865 503 sum,
898 452 1026 505 quod
1058 451 1221 504 digitis-
1240 450 1450 504 quinque
1482 451 1663 496 levatur
1693 466 1827 496 onus.

595 546 689 592 Pro
735 562 854 591 non
900 544 1070 604 (ΝΒ),
1116 547 1245 600 quod
1292 546 1610 591 Phillimorius
1656 555 1824 599 servat,
1864 545 2030 591 melius
2061 546 2309 593 scribimus

593 657 733 687 num
766 657 875 687 cum
909 641 1020 694 FL;
1053 656 1149 686 non
1181 650 1341 686 tamen
1372 650 1500 686 recte
1531 650 1671 695 agunt
1704 641 1786 695 qui
1817 655 1926 686 cum
1949 641 2073 687 Italis
2105 642 2308 688 habui

594 737 845 790 corrigunt,
876 737 1039 782 confer
1069 752 1115 781 v.
1148 735 1232 781 43:

710 847 806 877 non
837 832 925 877 fuit
955 832 1138 877 exuviis
1168 832 1305 877 tantis
1338 830 1563 877 Cornelia
1593 833 1833 877 damnum.

593 928 687 973 Pro
747 936 809 972 et
863 942 1005 972 versu
1058 927 1126 979 14,
1173 927 1301 980 quod
1348 935 1537 972 tuentur
1583 927 1844 981 Postgatius
1889 934 1935 971 et
1973 925 2305 980 Phillimorius,

589 1023 892 1068 scribendum
925 1030 995 1067 est
1025 1037 1134 1067 eum
1169 1022 1293 1066 Italis
1324 1037 1411 1066 en.

588 1220 834 1264 damnatae
865 1227 1027 1262 noctes
1058 1227 1104 1262 et
1135 1232 1221 1262 vos
1253 1218 1374 1262 vada
1405 1218 1530 1262 lenta
1559 1218 1755 1271 paludes

589 1314 783 1367 Saepius
814 1314 1091 1359 dubitavere
1122 1312 1268 1358 critici
1285 1328 1345 1357 an
1377 1313 1408 1357 d
1425 1327 1452 1357 a
1468 1328 1515 1357 m
1533 1328 1564 1357 n
1581 1327 1608 1357 a
1625 1321 1642 1357 t
1658 1328 1686 1357 a
1701 1328 1728 1358 e
1759 1329 1790 1358 n
1808 1328 1837 1358 o
1853 1329 1879 1358 c
1895 1323 1913 1358 t
1929 1329 1956 1359 e
1973 1328 1995 1359 s
2023 1314 2138 1359 vitio
2161 1314 2301 1360 debe-

587 1419 718 1455 retur
734 1425 746 1454 :
762 1409 803 1454 F
806 1408 1039 1454 onteinius
1055 1408 1315 1453 coniciebat
1345 1407 1389 1452 T
1405 1423 1432 1452 a
1447 1423 1472 1452 r
1486 1416 1504 1452 t
1519 1423 1546 1452 a
1562 1423 1586 1452 r
1602 1423 1629 1453 e
1644 1423 1671 1453 a
1688 1423 1729 1460 e,
1761 1408 2117 1463 Peerlkampius
2132 1418 2301 1455 aeter-

588 1520 721 1557 nae,
770 1504 1079 1549 Housmanus
1127 1504 1202 1547 da
1222 1512 1480 1548 mnatae
1532 1512 1746 1548 testes
1776 1502 1922 1562 (JPh.
1953 1504 2091 1557 XVI,
2123 1521 2169 1559 p.
2204 1503 2299 1564 16),

587 1601 716 1655 quod
747 1599 796 1644 in
828 1607 956 1644 textu
985 1598 1164 1651 prosuit
1206 1598 1478 1651 Postgatius,
1522 1598 1625 1643 Kan
1670 1599 1701 1643 d
1718 1614 1746 1643 a
1761 1614 1808 1643 m
1826 1615 1857 1644 n
1874 1615 1902 1644 a
1916 1608 1934 1644 t
1949 1615 1977 1645 a
1991 1614 2019 1645 e
2064 1616 2096 1645 n
2112 1615 2142 1646 o
2158 1615 2185 1645 c
2199 1609 2218 1645 t
2233 1616 2261 1646 e
2276 1615 2299 1646 s

584 1704 799 1741 testes
844 1703 906 1739 et
951 1709 1067 1739 vos
1111 1694 1278 1738 vada
1323 1694 1507 1738 lenta
1537 1691 1671 1752 (Mn.
1696 1694 1782 1746 IX,
1816 1693 1944 1747 1881,
1976 1710 2022 1748 p.
2044 1693 2182 1754 345);
2214 1696 2298 1741 sed

584 1791 749 1837 confer
780 1789 958 1835 Lucan.
991 1789 1077 1841 lv,
1109 1788 1222 1834 359:

1297 1900 1453 1938 neque
1485 1885 1612 1930 enim
1643 1884 1858 1930 felicibus
1888 1884 2030 1930 armis

1010 1980 1197 2025 misceri
1228 1981 1259 2025 d
1275 1995 1303 2025 a
1318 1997 1366 2025 m
1383 1997 1414 2025 n
1431 1996 1458 2026 a
1474 1989 1492 2026 t
1507 1996 1534 2025 a
1564 1981 1713 2033 decet,

581 2078 662 2123 ubi
694 2078 724 2122 d
741 2092 769 2122 a
784 2092 831 2121 m
849 2092 880 2120 n
897 2091 924 2121 a
939 2085 957 2120 t
972 2091 1000 2120 a
1030 2094 1077 2111 Ξ
1107 2091 1135 2120 a
1166 2075 1270 2120 Diis
1300 2076 1532 2129 damnata,
1563 2075 1722 2128 tristia,
1754 2075 1968 2120 infelicia.

581 2173 724 2225 Quod
757 2171 970 2217 nonnulli
992 2170 1265 2216 Santenium
1283 2171 1428 2216 secuti
1445 2171 1493 2215 in
1510 2179 1722 2216 extremo
1738 2185 1905 2215 versu:
1952 2186 1984 2215 v
2000 2185 2030 2215 o
2045 2185 2082 2223 s,
2128 2185 2161 2215 v
2176 2185 2204 2215 a
2219 2171 2250 2215 d
2267 2186 2295 2216 a

579 2270 639 2314 le
655 2284 686 2312 n
704 2276 764 2312 ta
809 2282 841 2319 p
856 2267 961 2311 alu
978 2265 1079 2310 dis
1125 2266 1426 2319 scripserunt,
1469 2266 1691 2319 equidem
1735 2265 1851 2310 nihil
1882 2265 2159 2310 mutandum
2191 2278 2295 2310 esse

579 2363 747 2408 credo:
785 2377 817 2406 v
833 2376 861 2405 a
876 2361 907 2405 d
924 2376 952 2405 a
997 2361 1056 2405 le
1073 2376 1103 2404 n
1120 2369 1138 2405 t
1153 2375 1180 2404 a
1211 2361 1338 2405 enim
1370 2360 1599 2414 appositio
1629 2369 1713 2412 est,
1745 2369 1795 2404 ut

578 2457 672 2502 Ov.
706 2457 826 2502 Her.
858 2454 901 2500 9.
933 2455 1014 2500 51:
1047 2470 1143 2499 non
1160 2454 1244 2500 tibi
1263 2454 1443 2499 crimen
1460 2463 1598 2500 erunt
1613 2453 1919 2499 Teuthrantia
1934 2453 2072 2498 turba
2092 2467 2290 2498 sorores.

575 2656 622 2692 et
651 2661 979 2700 quaecumque
1010 2660 1141 2690 meos
1172 2644 1376 2696 implicat
1406 2644 1534 2688 unda
1563 2644 1709 2696 pedes

576 2741 864 2787 Coniectura
895 2740 1143 2786 Schraderi
1174 2740 1303 2784 ulva
1333 2754 1420 2792 pro
1451 2739 1597 2784 unda
1627 2739 1853 2783 refutatur
1882 2737 2026 2791 verg.
2058 2737 2183 2782 Aen.
2200 2736 2288 2789 vl,

576 2836 689 2882 438:
721 2836 838 2881 tristi
870 2837 1002 2890 palus
1034 2835 1296 2880 inamabilis
1328 2835 1456 2879 unda
1486 2833 1650 2887 alligat,
1667 2848 1811 2886 quem
1825 2833 1982 2878 locum
1999 2831 2288 2884 comparavit

575 2932 874 2978 Passeratius.

572 3124 652 3168 det
681 3131 813 3175 pater
843 3121 919 3166 hic
951 3121 1149 3167 umbrae
1181 3119 1338 3165 mollia
1368 3120 1470 3165 iura
1500 3134 1647 3164 meae.

571 3217 610 3262 P
626 3233 654 3262 a
668 3226 686 3262 t
702 3232 729 3262 e
745 3232 769 3262 r
799 3217 877 3261 hic
908 3231 1003 3261 non
1036 3215 1175 3261 Pluto
1205 3224 1289 3267 est,
1321 3230 1476 3268 neque
1499 3213 1754 3260 Corneliae
1769 3221 1901 3265 pater
1916 3208 2008 3269 (sic
2024 3209 2282 3263 Postgatius

570 3311 724 3357 Select
769 3311 841 3356 El.
887 3326 933 3364 p.
980 3307 1108 3367 230),
1155 3310 1238 3355 sed
1285 3309 1385 3362 ipse
1417 3308 1608 3362 Iupiter,
1651 3316 1701 3352 ut
1739 3306 1931 3351 Bootius
1961 3302 2033 3363 (p.
2065 3301 2151 3362 27)
2180 3304 2282 3350 vult

567 3419 844 3458 comparans
876 3404 1044 3449 Horat.
1057 3419 1068 3448 :
