2566 3886
344 1261 412 1307 13.

344 1641 412 1687 13.

338 2401 407 2446 16.

340 2970 408 3014 19.

1162 298 1221 306 -
1252 272 1280 318 5
1310 298 1370 305 .-

475 406 742 452 Housmani
791 405 1184 458 supplementum,
1235 404 1364 457 quod
1414 403 1616 456 exempli
1666 418 1806 448 causa
1848 402 2035 448 dedisse
2078 417 2187 447 eum

474 501 692 555 intelligo,
724 501 942 554 exemplo
973 501 1058 545 sit:

476 596 546 641 11.
578 596 706 642 Nam
738 595 880 640 modo
913 595 1174 640 Partheniis
1204 610 1366 640 amens
1397 595 1581 640 errabat
1611 595 1660 639 in
1690 594 1834 640 antris

477 692 573 737 lla.
722 688 988 749 (multaque
1019 691 1215 736 desertis
1245 691 1439 735 fleverat
1469 690 1716 735 arboribus

477 786 578 831 llb.
610 794 656 831 et
687 786 830 830 modo
861 785 1090 830 submissa
1120 800 1273 830 casses
1305 785 1491 830 cervice
1521 782 1728 842 ferebat)

477 881 546 927 12.
695 881 792 925 ibat
820 889 867 925 et
897 880 1097 926 hirsutas
1128 895 1226 934 eqs.

476 976 680 1022 Ovidius
710 983 789 1020 aut
822 974 874 1020 11
907 983 987 1020 aut
1019 974 1103 1020 lla
1133 990 1229 1020 non
1261 975 1478 1020 reddidit.

475 1071 609 1117 Nihil
646 1071 783 1124 igitur
814 1071 978 1115 deesse
1009 1080 1172 1116 contra
1204 1070 1537 1116 Housmanum
1569 1079 1614 1116 et
1645 1070 1930 1124 Postgatium
1971 1070 2189 1115 defendo.

475 1262 552 1307 De
567 1262 730 1307 Volsci
750 1261 1007 1307 certissima
1031 1260 1360 1306 emendatione
1403 1260 1636 1314 Hylaei
1674 1276 1760 1313 pro
1798 1260 1992 1314 psilli,
2030 1268 2191 1313 utpote

472 1372 500 1402 a
529 1357 627 1402 fere
658 1356 877 1402 omnibus
908 1365 1096 1411 recepta
1126 1356 1241 1401 nihil
1273 1372 1392 1410 opus
1423 1365 1493 1402 est
1523 1356 1682 1402 dicere
1698 1354 1783 1414 (cf.
1803 1357 2007 1402 Housm.
2024 1357 2190 1402 Journ.

478 1453 534 1498 of
558 1452 678 1498 Phil.
709 1452 831 1498 XVI
864 1468 909 1505 p.
940 1450 1039 1510 23).

476 1643 807 1687 Lachmannus
835 1642 1172 1687 demonstravit
1212 1657 1539 1695 percussus
1581 1643 1841 1688 vulnere
1882 1643 2028 1688 rami
2071 1642 2193 1688 bene

475 1737 639 1781 Latine
680 1736 786 1782 dici.
830 1736 1137 1781 Housmanus
1178 1746 1334 1781 tamen
1375 1738 1615 1783 contendit
1656 1738 1883 1783 rationem
1925 1737 2190 1782 habendam

474 1846 576 1877 esse
617 1831 827 1876 lectionis
869 1846 897 1875 a
910 1847 934 1876 r
947 1831 977 1876 b
991 1847 1020 1876 o
1034 1847 1058 1876 r
1071 1847 1111 1883 e,
1155 1847 1297 1884 quam
1335 1833 1530 1886 legimus
1566 1833 1614 1877 in
1654 1833 1760 1885 AF,
1799 1833 1972 1878 deinde
2009 1833 2192 1878 confert

475 1925 569 1971 Ov.
622 1926 741 1971 Met.
796 1926 881 1970 IV.
937 1925 1037 1978 727,
1082 1926 1162 1971 ubi
1206 1927 1393 1972 codices
1443 1928 1741 1972 vulnerat
1790 1937 1836 1973 et
1886 1944 1918 1973 v
1934 1929 2190 1974 erberat

473 2023 597 2074 dant,
620 2022 863 2075 creditque
895 2031 1054 2068 nostro
1081 2023 1185 2068 loco
1213 2038 1321 2068 cum
1352 2023 1638 2068 Baehrensio
1681 2039 1713 2067 v
1727 2039 1754 2068 e
1767 2039 1791 2068 r
1804 2023 1835 2068 b
1849 2039 1876 2069 e
1889 2040 1953 2070 re
1973 2022 2028 2082 l),
2060 2026 2188 2078 quod

473 2126 746 2170 corruptum
807 2118 864 2162 sit
924 2118 972 2162 in
1033 2133 1061 2162 a
1074 2117 1139 2162 rb
1153 2132 1182 2162 o
1196 2133 1220 2162 r
1231 2132 1272 2169 e,
1335 2132 1437 2162 esse
1498 2118 1843 2171 corrigendum.
1919 2119 2018 2173 Ego
2079 2135 2187 2165 cum

475 2211 723 2265 Solbiskyo
753 2209 825 2271 (p.
860 2210 971 2271 153)
1016 2212 1123 2257 arb
1137 2227 1244 2257 ore
1287 2227 1373 2265 pro
1405 2213 1679 2266 glossemate
1710 2214 1885 2259 habere
1916 2215 2053 2260 malo.

470 2402 593 2446 Mihi
610 2399 652 2460 Β)
669 2402 922 2448 verisimile
943 2403 1132 2448 videtur
1148 2403 1451 2448 Fonteinium
1475 2403 1577 2448 iure
1594 2419 1785 2449 versum
1804 2405 1870 2450 sic
1887 2407 2184 2451 emendasse:

588 2505 767 2542 tantum
799 2497 847 2542 in
878 2513 1038 2543 amore
1081 2498 1246 2543 fides
1290 2507 1336 2543 et
1366 2498 1610 2544 benefacta
1640 2500 1811 2544 valent.

470 2592 527 2636 cf.
560 2592 700 2645 Prop.
732 2592 774 2636 2.
806 2592 877 2637 26.
909 2592 987 2637 27:

471 2687 670 2731 multum
702 2687 749 2731 in
781 2702 941 2732 amore
972 2688 1102 2740 fides,
1134 2689 1333 2733 multum
1365 2690 1623 2735 constantia
1654 2691 1859 2743 prodest.

471 2781 547 2826 De
578 2781 868 2835 precibus
900 2782 1014 2827 nihil
1045 2783 1253 2837 legimus.

470 2978 515 3015 at
544 2985 645 3022 vos,
677 2971 906 3015 deductae
937 2971 1108 3023 quibus
1140 2980 1209 3016 est
1239 2972 1418 3018 fallacia
1448 2975 1586 3019 lunae

587 3074 633 3110 et
663 3065 796 3110 labor
826 3066 873 3110 in
905 3067 1092 3120 magicis
1123 3082 1254 3112 sacra
1283 3067 1413 3120 piare
1443 3069 1560 3114 focis

471 3160 540 3204 Hi
576 3175 741 3205 versus
780 3161 978 3205 multum
1009 3170 1244 3207 torserunt
1286 3163 1413 3208 viros
1460 3165 1636 3209 doctos.
1684 3165 1990 3211 Housmanus
2035 3164 2089 3224 (J
2094 3167 2179 3212 Ph.

469 3255 605 3306 XVI,
636 3270 681 3308 p.
713 3253 811 3312 25),
843 3255 924 3308 qui
954 3256 1058 3301 fuse
1089 3258 1149 3302 de
1181 3258 1270 3302 hoc
1301 3259 1405 3303 loco
1437 3259 1541 3312 egit,
1573 3274 1668 3304 non
1699 3259 1877 3312 ignorat
1908 3261 2179 3307 deductae

386 3371 417 3417 ¹)
468 3375 654 3417 Rossberg
678 3372 809 3418 (Neue
834 3376 958 3410 Jahrb.
985 3377 1169 3412 Fleckeis.
1198 3378 1287 3412 1883
1314 3391 1347 3419 p.
1373 3375 1454 3422 67):
1481 3380 1626 3415 robore.

386 3453 418 3504 ²)
467 3458 513 3493 cf.
538 3457 697 3495 Housm.
722 3458 810 3495 JPh.
834 3459 927 3494 XVI
953 3471 986 3502 p.
1011 3460 1068 3494 23.
1093 3461 1150 3498 24,
