2566 3886
1153 236 1419 283 -240—

493 367 572 412 ubi
605 368 665 413 de
697 367 984 413 carminibus
1015 369 1250 414 amatoriis
1282 385 1439 415 sermo
1470 379 1553 423 est,
1585 371 1828 426 utriusque
1845 380 2009 425 poetae
2032 371 2207 418 mentio

493 462 555 514 fit,
588 462 646 507 cf.
680 463 742 514 ΙΙ,
775 461 846 514 34,
879 461 951 515 31,
985 463 1071 515 111,
1107 464 1146 515 l,
1181 464 1231 516 13
1265 464 1351 516 IV,
1383 465 1426 516 6,
1458 464 1545 510 3.4.
1579 466 1778 512 Fostero
1794 465 1924 525 (1.1.)
1939 467 2207 513 observanti

493 557 679 602 duobus
710 558 825 603 locis
857 559 1051 603 solum
1085 558 1547 604 Callimachum
1580 561 1812 606 nominari
1844 562 2110 613 respondeo
2142 561 2206 606 ibi

493 668 588 698 non
635 654 695 698 de
727 653 899 706 elegiis,
932 654 1014 698 sed
1046 654 1107 698 de
1139 654 1426 699 carminibus
1459 655 1746 701 heroicis
1777 671 2045 701 sermonem
2078 671 2207 701 esse:

494 747 555 800 II,
591 747 630 800 1,
662 747 744 800 40;
778 747 865 800 IV,
900 747 939 800 l,
971 747 1044 792 64.

492 843 666 896 Restat,
714 852 764 887 ut
810 858 1107 896 quaeramus,
1139 844 1254 897 quid
1287 859 1374 897 pro
1406 845 1437 889 d
1453 860 1483 889 u
1498 860 1522 889 r
1538 860 1565 890 e
1597 846 1847 898 legendum
1879 846 1956 898 sit;
1990 845 2207 891 Beroaldi

491 940 762 984 coniectura
802 938 931 984 Coe
975 939 1157 992 longius
1195 939 1333 985 distat
1363 955 1390 985 a
1420 940 1678 986 litterarum
1712 941 1954 993 ductibus;
1987 940 2207 987 Scriverii

490 1034 737 1080 inventum
770 1035 897 1079 Dor
914 1050 941 1079 e
974 1034 1203 1079 Philetam
1236 1035 1375 1079 nimis
1391 1035 1592 1080 obscure
1609 1036 1805 1088 indicat;
1823 1035 2044 1089 equidem
2062 1035 2208 1081 Baeh-

491 1129 649 1174 rensio
680 1138 937 1183 praeeunte
969 1130 1098 1183 lego:
1131 1145 1156 1174 c
1168 1131 1182 1174 l
1195 1145 1222 1175 a
1235 1145 1259 1174 r
1272 1146 1299 1175 e
1332 1130 1369 1174 P
1385 1131 1416 1175 h
1430 1130 1444 1175 i
1458 1131 1473 1175 l
1487 1146 1514 1175 e
1528 1139 1546 1174 t
1559 1145 1598 1175 a.

492 1332 717 1377 Extrema
747 1341 934 1377 nostrae
956 1332 1131 1385 elegiae
1163 1347 1271 1384 pars
1288 1332 1603 1378 difficultatem
1623 1333 1898 1378 solvendam
1917 1332 2208 1378 nobisoffert.

490 1426 587 1478 Qui
619 1442 810 1472 carmen
843 1428 1088 1481 perlegens
1119 1428 1251 1472 venit
1281 1429 1339 1472 ad
1372 1443 1565 1473 versum
1597 1428 1675 1473 47:

608 1531 653 1568 te
684 1523 806 1570 duce
838 1524 916 1568 vel
947 1523 1081 1568 Jovis
1112 1538 1243 1568 arma
1275 1538 1439 1568 canam
1472 1533 1559 1568 etc.

490 1633 651 1663 secum
683 1628 868 1672 reputet
900 1633 1093 1664 necesse
1125 1628 1209 1671 est,
1240 1628 1398 1664 utrum
1431 1619 1577 1664 Poeta
1599 1620 1861 1673 alloquatur
1878 1620 2207 1664 Maecenatem

490 1728 550 1758 an
582 1712 942 1759 Callimachum.

487 1808 628 1854 Unus
645 1807 760 1854 Otto
774 1806 972 1867 (Herm.
990 1809 1063 1855 23.
1080 1824 1125 1863 p.
1143 1807 1228 1867 42)
1244 1810 1424 1862 putavit
1441 1809 1784 1855 Callimachum
1802 1809 2038 1862 appellari.
2072 1808 2208 1854 Haec

492 1912 600 1949 sunt
637 1904 738 1949 eius
775 1904 951 1949 verba:
984 1905 1182 1957 „Indem
1215 1920 1323 1950 man
1362 1914 1414 1950 te
1462 1906 1600 1950 duce
1646 1906 1725 1950 auf
1756 1904 2013 1949 Maecenas
2043 1903 2207 1957 bezog,

485 2013 538 2043 so
584 2007 730 2044 setzte
777 2014 885 2043 man
937 2000 1031 2044 den
1063 1999 1262 2045 Dichter
1303 2000 1350 2045 in
1382 2000 1569 2045 offenen
1615 1999 1957 2052 Widerspruch
1995 1998 2078 2043 mit
2108 1998 2207 2043 sich

488 2094 644 2139 selbst.
692 2094 763 2139 Im
802 2103 957 2139 ersten
995 2093 1164 2140 Theile
1195 2095 1279 2140 des
1311 2094 1569 2140 Gedichtes
1599 2096 1726 2140 hatte
1756 2094 1972 2140 derselbe
2003 2093 2207 2139 nfimlich

489 2189 571 2234 das
601 2189 871 2243 verlangen
904 2190 988 2234 des
1021 2190 1291 2242 Maecenas,
1309 2205 1362 2235 er
1378 2191 1493 2235 solle
1509 2190 1699 2244 epische
1714 2189 1949 2235 Gedichte
1966 2189 2205 2234 versassen

487 2285 671 2329 zuriick
701 2284 950 2338 gewiesen,
982 2300 1081 2330 nun
1113 2285 1295 2330 scheint
1325 2300 1389 2338 es,
1421 2286 1487 2331 als
1504 2285 1566 2330 ob
1582 2300 1635 2330 er
1651 2285 1938 2330 schliesslich
1955 2284 2078 2329 doch
2096 2284 2205 2328 dem

491 2377 731 2423 Wunsche
762 2379 1011 2424 desselben
1043 2379 1316 2433 nachgeben
1348 2380 1500 2425 wolle.

483 2474 776 2519 Ausserdem
822 2475 931 2519 kam
991 2474 1067 2519 die
1129 2475 1328 2520 Anrede
1368 2490 1428 2519 an
1468 2474 1724 2520 Maecenas
1773 2489 1826 2519 so
1869 2475 2204 2527 unvermittelt,

487 2570 594 2614 dass
642 2569 917 2614 Lachmann
964 2569 1041 2614 die
1075 2568 1402 2614 Schlussverse
1446 2567 1583 2626 59J60
1614 2570 1790 2614 vorher
1821 2569 2108 2615 einschalten
2139 2584 2202 2614 zu

488 2668 678 2709 miissen
710 2664 940 2718 glaubte”.

488 2759 556 2805 Ut
588 2761 704 2805 haec
735 2759 943 2805 scribere
973 2768 1144 2813 posset,
1175 2759 1380 2812 primum
1404 2760 1728 2804 demonstrare
1749 2768 1943 2805 conatus
1965 2768 2036 2805 est
2066 2760 2202 2805 dure

486 2865 684 2910 poeta,
730 2856 860 2909 quod
907 2855 954 2899 in
1000 2869 1161 2907 pure
1207 2863 1286 2899 aut
1334 2855 1518 2899 clare
1564 2854 1798 2908 corrigere
1841 2855 1955 2906 vult,
1999 2869 2094 2899 non
2141 2855 2202 2899 de

487 2951 682 3003 Phileta,
714 2951 798 2995 sed
830 2950 890 2995 de
922 2949 1216 2995 Callimacho
1247 2964 1438 3003 quoque
1470 2949 1576 2994 dici.
1610 2949 1741 2994 Huic
1774 2948 1962 2994 Ottonis
1992 2948 2202 3002 opinioni

486 3046 638 3091 obstat
679 3060 845 3090 versus
887 3044 957 3097 52,
990 3045 1071 3090 ubi
1102 3054 1120 3089 t
1136 3060 1166 3090 u
1183 3060 1211 3089 a
1257 3045 1319 3090 iu
1336 3060 1357 3090 s
1373 3060 1395 3090 s
1411 3060 1439 3089 a
1469 3060 1564 3090 non
1596 3044 1808 3090 adhiberi
1839 3053 1990 3098 potest
2021 3043 2108 3088 nisi
2139 3044 2201 3088 de

487 3142 780 3186 Maecenate.
797 3139 1032 3184 Venimus
1048 3154 1175 3184 nunc
1198 3140 1257 3184 ad
1288 3140 1425 3184 aliam
1457 3139 1797 3184 difficultatem:
1830 3139 2044 3184 ultimum
2076 3137 2200 3182 disti-

486 3237 609 3281 chon
647 3249 743 3279 non
780 3249 866 3279 suo
900 3235 1005 3279 loco
1036 3234 1124 3287 legi
1155 3234 1357 3279 videtur.
1390 3234 1644 3288 Postquam
1676 3234 1803 3279 enim
1835 3234 1951 3278 dixit
1981 3241 2118 3287 poeta
2148 3247 2199 3277 se

486 3330 619 3383 epica
648 3328 858 3374 carmina
887 3328 1170 3381 scripturum
1202 3342 1319 3380 esse,
1351 3328 1389 3372 si
1422 3327 1679 3373 Maecenas
1702 3326 1790 3372 sibi
1813 3327 2082 3379 exemplum
2104 3327 2198 3379 det,

484 3425 661 3477 optime
692 3432 978 3477 sequuntur:
