2566 3886
1173 284 1437 330 —171—

635 415 948 461 Extrema
993 429 1205 468 nuper
1250 430 1387 460 cum
1434 423 1631 469 potus
1678 423 1874 460 nocte
1932 424 2231 470 vagarer.

514 509 727 555 Tertium
761 509 1040 555 Rothsteinii
1071 518 1396 564 argumentum
1428 511 1519 555 hoc
1550 518 1647 556 est:
1680 509 1757 563 „in
1789 510 1876 555 der
1896 519 2051 556 ersten
2070 510 2229 565 Elegie

513 605 646 651 weist
677 605 788 650 alles
819 605 990 651 darauf
1014 604 1110 657 hin,
1142 605 1248 650 dass
1279 604 1346 650 sie
1377 620 1439 650 zu
1461 605 1594 650 einer
1611 605 1887 651 dauernden
1909 606 2231 660 Vereinigung

514 701 600 745 der
610 700 781 746 beiden
790 700 1067 746 Liebenden
1074 700 1243 745 fiihren
1255 700 1355 752 soll,
1363 700 1595 745 nachdem
1604 700 1690 745 der
1703 700 1902 745 Dichter
1909 701 2229 754 versprochen

510 796 603 848 hat,
634 795 682 840 in
715 795 927 841 Zukunft
952 795 1082 840 nicht
1097 796 1234 841 mehr
1248 810 1301 840 so
1317 794 1610 849 leichtsinnig
1623 811 1686 840 zu
1700 795 1799 840 sein
1816 810 1828 848 ;
1845 795 1922 840 die
1939 796 2232 850 Abweisung

513 890 560 935 in
607 891 694 936 der
738 891 940 936 zweiten
985 890 1146 944 Elegie
1191 891 1299 936 lasst
1345 890 1445 936 sich
1491 890 1575 935 mit
1620 891 1729 936 dem
1769 890 1903 936 Bilde
1934 891 2021 936 der
2051 906 2073 937 s
2089 906 2117 936 e
2133 892 2164 936 h
2181 907 2231 936 n-

512 986 781 1040 suchtig
854 985 1247 1031 wartenden
1310 984 1562 1031 Geliebten
1623 986 1671 1031 in
1745 987 1831 1031 der
1892 994 2046 1031 ersten
2102 986 2231 1031 nicht

513 1081 828 1135 vereinigen’&

512 1176 578 1222 At
609 1176 866 1229 Cynthiam
898 1176 1032 1222 etiam
1065 1176 1112 1221 in
1144 1177 1302 1229 priore
1333 1176 1507 1230 elegiae
1538 1185 1669 1231 parte
1700 1176 1861 1222 iratam
1889 1191 1992 1222 esse
2008 1177 2232 1231 significat

514 1286 679 1317 versus
709 1271 759 1316 9:

627 1366 703 1411 hic
734 1374 847 1418 erat,
879 1367 1006 1412 hunc
1037 1366 1207 1412 mulier
1236 1367 1373 1413 nobis
1404 1367 1461 1412 ir
1477 1382 1504 1412 a
1519 1375 1537 1412 t
1553 1382 1580 1413 a
1611 1367 1812 1413 notavitz

510 1476 675 1507 versus
710 1461 768 1507 22
799 1470 982 1507 autem:
1017 1462 1039 1507 1
1071 1477 1197 1507 nunc
1229 1471 1276 1508 et
1307 1471 1467 1508 noctes
1498 1462 1627 1508 disce
1659 1477 1850 1508 manere
1882 1462 2010 1508 domi

510 1565 696 1602 nostrae
715 1556 1083 1611 interpretationi
1100 1572 1293 1610 prorsus
1325 1573 1420 1604 non
1445 1558 1609 1611 obstat,
1626 1573 1735 1604 nam
1767 1558 1826 1604 ad
1858 1573 2075 1611 poenam,
2106 1573 2227 1613 quae

510 1660 695 1704 poetam
728 1662 963 1706 sequetur,
990 1652 1082 1698 iam
1112 1653 1288 1698 alludit.

508 1842 723 1895 Accedit,
770 1843 898 1896 quod
945 1857 1013 1888 vs.
1046 1842 1118 1895 23,
1150 1842 1258 1888 licet
1289 1842 1610 1889 Rothsteinius
1641 1843 1926 1889 contrarium
1958 1844 2224 1896 contendat,

511 1951 607 1982 non
637 1937 773 1982 facile
804 1937 986 1983 initium
1018 1938 1129 1983 novi
1161 1938 1380 1983 carminis
1411 1953 1513 1984 esse
1545 1947 1710 1991 potest.
1743 1938 1946 1984 Minime
1978 1938 2104 1984 enim
2130 1954 2225 1984 car-

510 2031 637 2077 mine
668 2047 777 2077 cum
810 2032 1001 2085 Guyeto
1032 2032 1229 2087 eiusque
1259 2033 1446 2079 asseclis
1462 2033 1615 2079 diviso
1632 2033 1945 2087 intelligimus,
1965 2048 2051 2079 cur
2069 2049 2225 2079 mane

509 2127 801 2181 potissimum
850 2126 1107 2180 Cynthiam
1154 2128 1445 2181 speculatum
1489 2136 1577 2181 eat,
1608 2143 1694 2173 cur
1724 2142 1820 2173 non
1852 2128 2034 2174 media
2064 2138 2226 2175 nocte

510 2236 615 2266 eam
656 2221 788 2273 visat,
830 2237 986 2275 neque
1032 2237 1118 2267 cur
1149 2231 1335 2267 noctem
1367 2237 1463 2267 non
1495 2223 1620 2275 apud
1654 2223 1858 2277 puellam
1890 2223 2090 2277 degerit:
2124 2224 2226 2269 iure

509 2315 647 2370 igitur
694 2315 1006 2361 Baehrensius
1055 2316 1276 2362 observat
1322 2331 1421 2369 nos,
1468 2317 1506 2362 si
1554 2332 1744 2363 carmen
1792 2317 2072 2370 dividamus,
2105 2319 2225 2364 duos

509 2410 715 2456 nancisci
746 2425 940 2464 pannos,
971 2426 1174 2466 quorum
1206 2411 1338 2457 alteri
1363 2421 1500 2465 caput
1516 2412 1649 2458 desit.
1668 2411 1842 2459 Totum
1860 2421 2016 2459 autem
2034 2429 2223 2460 carmen

509 2506 849 2551 conferendum
881 2516 950 2552 est
981 2522 1090 2552 cum
1123 2507 1160 2560 Ι,
1192 2506 1234 2559 3,
1266 2507 1325 2553 cf.
1357 2506 1557 2553 Solbisk.
1579 2523 1624 2561 p.
1660 2507 1758 2553 179.

510 2601 647 2646 Haec
688 2600 854 2653 habeo,
891 2616 1012 2655 quae
1058 2602 1119 2647 de
1150 2602 1369 2648 carminis
1401 2603 1742 2655 compositione
1774 2603 1956 2656 dicam3
1988 2613 2142 2657 restat,
2174 2614 2224 2650 ut

511 2697 751 2750 quomodo
782 2696 947 2750 singuli
979 2711 1145 2742 versus
1176 2697 1359 2751 legendi
1391 2697 1495 2750 sint,
1527 2698 1814 2752 indagemus.

408 2790 450 2836 3.
511 2791 606 2836 Pro
621 2790 782 2836 turba
797 2789 1058 2849 minuta¹)
1071 2791 1384 2838 Baehrensius
1399 2793 1507 2847 legit
1525 2793 1686 2838 turba
1702 2794 1920 2847 minata,
1935 2796 2225 2841 contendens

510 2885 761 2931 minuta
790 2886 937 2931 refelli
969 2886 1165 2932 vocibus
1196 2888 1430 2933 nescio
1475 2898 1633 2942 quot
1675 2887 1829 2947 (quod
1861 2898 2017 2935 tamen
2049 2891 2224 2943 optime

510 2980 707 3025 vertitur
737 2980 969 3026 vocabulo
1000 2980 1342 3040 nonnulli)
1385 2991 1432 3028 et
1462 2983 1684 3028 vetuit
1730 2999 2080 3030 numerare
2111 2982 2223 3043 (cur

510 3090 606 3121 non
653 3075 745 3120 dici
788 3084 939 3128 potest
977 3085 1163 3129 poetam
1195 3091 1307 3129 prae
1338 3077 1506 3123 timore
1538 3078 1736 3130 turbam,
1768 3079 1983 3132 quamvis
2014 3094 2222 3132 parvam,

510 3184 759 3215 numerare
774 3185 868 3215 non
885 3168 1130 3228 potuisse);
1160 3172 1316 3223 „unde
1339 3172 1416 3217 ille
1431 3171 1571 3217 timor
1587 3173 1813 3225 venerit’',
1823 3173 1973 3227 inquit
1991 3173 2223 3219 Baehren-

511 3263 620 3316 sius,
645 3263 794 3316 „scire
824 3264 1094 3317 cupimus”;
1119 3280 1396 3318 responsum
1428 3276 1613 3320 praesto
1644 3277 1736 3320 est;
1768 3268 1898 3314 timet
1929 3277 2079 3322 poeta,
2110 3284 2223 3322 quo·

428 3463 454 3509 ¹)
502 3465 686 3503 Hartman
711 3468 773 3503 illa
799 3469 979 3505 vocabula
1005 3470 1135 3505 vertit:
1162 3481 1255 3513 „cen
1280 3478 1388 3513 troep
1412 3472 1629 3515 dwcrgieff.
