2566 3886
302 779 373 824 42.

1093 268 1359 313 -214—

435 415 602 445 versus
635 400 692 444 42
724 416 818 445 non
863 402 924 445 de
970 415 1086 445 vero
1132 400 1256 445 bello
1303 400 1418 454 agiu
1468 416 1604 446 nam
1650 401 1903 455 cingere
1946 401 2150 446 Marte

435 510 662 540 nemus
703 503 830 539 recte
861 495 1062 547 explicat
1094 494 1461 549 Hertzbergius:
1494 511 1667 541 arma
1700 505 1761 540 et
1791 496 2040 540 bellum
2071 496 2151 549 ip·

438 605 572 635 sum
608 590 670 634 in
702 589 939 642 poesin
973 590 1247 634 inferre.

436 795 524 825 nec
556 779 768 825 Aonium
801 781 1013 834 tinguere
1046 779 1203 824 Marte
1235 795 1403 824 nemus

435 875 731 929 tinguere
763 875 840 928 N;
873 875 1119 928 tingere
1152 875 1279 927 DF;
1313 875 1573 928 cingere
1604 874 1667 919 V.

436 969 677 1023 Cingere
715 971 862 1015 edunt
894 971 1226 1015 Lachmannus
1259 970 1602 1024 Hertzbergius
1630 970 1889 1023 Postgatius
1918 970 2152 1015 Baehren-

437 1066 555 1118 sius;
602 1066 940 1119 tinguere:
974 1065 1220 1110 Vahlenus
1253 1065 1517 1110 Muellerus
1549 1066 1807 1110 Palmerus.
1842 1065 2151 1110 Housmanus

435 1158 580 1218 (JPh.
612 1161 760 1205 XXII
793 1176 838 1213 p.
873 1158 985 1218 103)
1016 1161 1209 1205 dubitat.
1243 1160 1430 1206 Collato
1463 1160 1557 1205 Ov.
1588 1161 1730 1206 Trist.
1763 1161 1825 1213 V,
1857 1161 1899 1214 2,
1931 1160 2010 1206 69:

588 1257 785 1301 finitimo
816 1257 995 1301 cinctus
1027 1271 1218 1309 premor
1248 1257 1458 1311 undique
1491 1257 1663 1310 Marte,

438 1352 687 1397 lectionem
719 1352 767 1396 V
798 1352 1027 1404 praefero.

438 1447 695 1501 Postgatius
726 1445 830 1505 (Sel
863 1447 934 1492 El.
966 1464 1010 1501 p.
1046 1445 1157 1506 157)
1189 1449 1248 1492 de
1281 1448 1331 1492 N
1363 1449 1563 1494 lectione
1594 1457 1837 1502 praeterea
1866 1455 2085 1492 annotat:

437 1543 677 1596 „tinguere
708 1543 869 1587 would
901 1543 961 1587 be
993 1543 1040 1587 in
1072 1544 1251 1596 grossly
1282 1544 1373 1588 bad
1406 1544 1566 1588 taste.”

1045 1977 1300 2023 ELEGIA
1333 1977 1418 2022 IV.

438 2106 514 2151 De
522 2121 664 2151 versu
676 2116 842 2160 quarto
853 2108 1170 2160 comparanda
1180 2117 1289 2152 sunt
1299 2123 1368 2160 ea,
1381 2124 1502 2162 quae
1513 2109 1572 2153 ad
1587 2109 1648 2161 ΙΙ,
1664 2109 1733 2162 13,
1747 2109 1801 2154 16
1812 2109 2153 2154 adnotavimus.

437 2296 544 2341 Jani
577 2296 803 2341 Gulielmi
835 2297 1181 2342 coniecturam:

590 2391 727 2436 Seres
759 2401 805 2436 et
836 2392 1063 2437 Ausoniis
1094 2393 1287 2437 venient
1317 2393 1561 2445 provincia
1592 2394 1747 2448 virgis,

438 2501 580 2539 quam
613 2486 926 2532 Baehrensius
957 2488 1147 2540 recepit,
1179 2488 1480 2541 ingeniosam,
1498 2490 1580 2533 sed
1598 2504 1693 2534 non
1707 2489 2017 2534 necessariam
2031 2490 2155 2535 duco

439 2578 562 2638 (vid.
627 2580 1016 2640 Rothsteinium).

439 2780 707 2815 assuescent
740 2771 873 2816 Latio
907 2772 1078 2818 Partha
1109 2781 1300 2825 tropaea
1330 2773 1453 2818 Jovi.

440 2868 859 2911 assuescendi
904 2869 1104 2913 verbum
1149 2869 1208 2913 ab
1239 2870 1329 2913 hoc
1360 2869 1464 2913 loco
1495 2869 1699 2914 alienum
1732 2869 1933 2921 videtur,
1965 2884 2073 2914 nam
2106 2878 2157 2915 ut

441 2961 688 3006 Rothstein
722 2963 948 3015 explicat:
982 2963 1170 3015 „bisher
1191 2964 1345 3009 haben
1378 2964 1476 3009 sich
1493 2964 1570 3009 die
1586 2964 1884 3018 parthischen
1900 2964 2155 3017 Trophaen

439 3071 551 3100 vom
581 3055 780 3110 Tempel
809 3058 893 3102 des
925 3058 1313 3111 kapitolinischen
1329 3059 1547 3113 Juppiter
1562 3060 1894 3113 femgehalten,
1911 3059 2024 3113 ietzt
2039 3074 2156 3104 wer-

440 3152 533 3195 den
581 3151 648 3196 sie
696 3152 795 3196 sich
833 3153 977 3197 daran
1015 3154 1277 3206 gewohnen
1311 3158 1515 3206 miissen,
1547 3155 1654 3199 dort
1684 3155 1750 3199 als
1781 3153 2039 3207 Weihgabe
2070 3153 2155 3198 des

441 3244 623 3299 Siegers
654 3263 716 3291 zu
749 3249 1000 3301 prangen,'’
1032 3263 1183 3293 assu
1201 3264 1308 3295 esc
1326 3258 1432 3294 ent
1463 3249 1544 3294 vix
1574 3265 1629 3294 ae
1660 3264 1721 3294 ne
1752 3249 1833 3294 vix
1864 3248 2056 3302 quidem
2079 3263 2156 3293 ex·

441 3341 602 3390 plicari
634 3350 798 3395 potest.

442 3435 625 3481 Verum
657 3436 839 3482 invenit
870 3437 1196 3491 Baehrensius,
1228 3439 1309 3493 qui
1342 3454 1369 3484 a
1385 3454 1411 3484 c
1427 3454 1453 3484 e
1469 3455 1493 3484 r
1510 3454 1537 3484 e
1553 3454 1575 3484 s
1590 3454 1617 3484 c
1630 3454 1657 3484 e
1675 3454 1705 3484 n
1722 3448 1740 3483 t
1769 3438 1983 3484 coniecit.
