2566 3886
1138 263 1404 309 —127-

475 394 694 440 observat
712 394 957 440 Rothstein
974 395 1022 440 in
1039 404 1240 448 utroque
1255 395 1488 440 vocabulo
1520 394 1695 440 iuvat
1726 404 1772 440 et
1803 395 1958 441 licet
1990 396 2187 441 multum

475 490 736 535 acerbitatis
767 490 934 535 inesse.
968 490 1238 543 Hertzberg
1267 499 1313 535 et
1345 489 1459 535 Otto
1490 499 1647 535 tamen
1679 506 1710 535 n
1725 506 1801 535 un
1816 506 1842 535 c
1874 499 2102 543 spernunt
2127 490 2190 536 ob

475 585 854 630 coniunctionem
902 594 1017 630 aut.
1065 583 1157 630 Sed
1204 593 1331 630 recte
1379 599 1429 630 se
1476 585 1617 630 habet
1663 600 1733 630 au
1748 594 1779 630 t.
1826 586 1927 631 Aut
1968 586 2094 631 enim
2140 585 2189 630 in

475 680 624 726 triviis
661 680 835 726 cubare
873 680 981 725 licet
1017 688 1182 733 poetae
1220 680 1336 725 nihil
1367 681 1533 734 agenti,
1564 690 1656 733 aut,
1688 682 1816 734 quod
1848 696 2085 726 summum
2105 689 2188 733 est,

475 790 561 829 per
592 776 779 821 ianuam
812 775 974 820 saltem
1006 774 1153 820 verba
1183 775 1381 820 mittere.

1028 1092 1282 1139 ELEGIA
1312 1093 1500 1139 XVIII.

472 1223 727 1275 Postquam
775 1223 911 1277 igitur
952 1223 1157 1269 vidimus
1188 1224 1382 1277 elegiam
1415 1224 1647 1270 decimam
1679 1225 1923 1277 septimam
1956 1241 2097 1271 versu
2133 1226 2187 1272 18

471 1318 647 1370 optime
678 1318 814 1370 finiri,
846 1319 904 1363 ad
937 1327 1213 1376 sequentem
1246 1328 1507 1373 pergamus,
1525 1335 1647 1373 quae
1664 1321 1944 1373 plerumque
1967 1321 2187 1366 lacunosa

470 1413 682 1458 habetur.

472 1508 707 1562 Rossberg
723 1506 764 1565 1)
824 1505 1012 1565 (Jahrb.
1058 1509 1090 1553 f.
1138 1508 1285 1555 Klass.
1333 1509 1453 1554 Phil.
1504 1508 1631 1555 1883.
1679 1525 1723 1563 p.
1772 1510 1869 1570 71.)
1917 1512 1977 1556 de
2027 1521 2187 1558 nostro

468 1603 675 1648 carmine
706 1604 822 1648 haec
854 1604 1038 1649 scribit:
1071 1604 1211 1657 „kein
1242 1605 1564 1651 einheitliches
1596 1605 1817 1652 Gedicht.
1850 1622 1918 1652 vs.
1938 1606 2053 1651 1—4
2081 1607 2186 1652 sind

470 1697 546 1742 ein
578 1698 741 1751 irgend
772 1698 936 1743 woher
968 1700 1285 1744 stammender
1317 1699 1513 1752 Fetzen,
1546 1701 1633 1745 der
1658 1701 1774 1746 Rest
1790 1702 1872 1746 das
1891 1701 2187 1748 Bruchstiick

469 1792 599 1838 eines
630 1794 809 1838 andern
843 1793 1145 1840 Gedichtes.’'
1180 1795 1237 1840 Ei
1269 1796 1572 1849 adstipulatus
1604 1804 1673 1841 est
1704 1796 1978 1850 Postgatius.

470 1888 760 1934 Hartmanus
767 1898 924 1934 tamen
933 1890 1108 1934 nullam
1117 1890 1331 1935 lacunam
1344 1899 1549 1936 statuens
1560 1900 1690 1944 putat
1701 1900 1858 1936 mente
1870 1893 2185 1945 supplendum

470 1998 573 2028 esse
604 1992 708 2036 post
739 1999 930 2029 versum
963 1985 990 2029 4
1006 1999 1017 2029 τ
1036 1985 1181 2037 „haec
1198 1985 1356 2030 omnia
1382 1986 1604 2038 equidem
1622 2001 1718 2031 non
1736 1986 1912 2040 ignoro,
1929 1988 2012 2032 sed
2029 1996 2185 2033 tacere

471 2092 566 2122 non
598 2079 833 2130 possum”.
851 2077 898 2124 Si
915 2079 991 2124 cui
1013 2079 1134 2124 forte
1150 2080 1304 2134 primo
1321 2090 1511 2134 aspectu
1528 2096 1694 2134 parum
1712 2082 1814 2127 veri
1831 2082 1982 2128 simile
1998 2082 2187 2128 videtur

467 2181 561 2218 tam
599 2175 744 2219 multa
789 2176 1051 2228 supplenda
1096 2191 1213 2228 esse,
1260 2185 1416 2221 tamen
1464 2177 1501 2221 si
1545 2192 1751 2229 carmen,
1783 2186 1834 2223 ut
1864 2192 1983 2223 voce
2015 2177 2185 2223 nostris

469 2267 760 2321 temporibus
845 2269 1140 2315 usitatissima
1206 2270 1273 2316 uti
1336 2271 1451 2316 mihi
1511 2272 1661 2324 liceat,
1723 2272 2183 2326 psychologice

468 2362 643 2415 legerit,
690 2378 878 2409 mecum
925 2364 1104 2416 putabit
1149 2365 1305 2410 virum
1353 2366 1674 2411 doctissimum
1714 2382 1816 2411 rem
1848 2382 1935 2412 acu
1967 2367 2183 2420 tetigisse.

468 2456 741 2511 Cogitemus
787 2459 923 2512 igitur
968 2474 1064 2512 quo
1113 2460 1271 2505 animo
1316 2460 1454 2506 tuerit
1497 2470 1648 2514 poeta,
1681 2475 1789 2506 cum
1836 2462 1957 2507 hanc
1989 2461 2182 2515 elegiam

468 2552 706 2597 scriberet.

467 2645 675 2698 Cynthia
705 2662 815 2693 eum
847 2662 942 2693 non
975 2648 1066 2694 iam
1099 2659 1235 2702 amat,
1268 2651 1534 2703 multosque
1566 2651 1657 2695 iam
1689 2650 1790 2695 dies
1813 2651 1952 2696 ianua
1967 2651 2010 2695 ei
2027 2652 2184 2696 clausa

466 2750 549 2785 est.
596 2742 746 2787 Iratus
790 2742 1026 2795 tristisque
1073 2745 1201 2789 domi
1248 2745 1392 2790 sedet.
1435 2744 1527 2790 Sed
1569 2745 1669 2798 ipse
1701 2760 1751 2790 se
1783 2746 1930 2799 erigit,
1962 2761 2058 2791 non
2090 2747 2181 2791 iam

466 2836 601 2887 queri
632 2837 758 2889 vult3
791 2853 899 2882 nam
930 2838 1143 2884 assiduae
1160 2840 1398 2892 querellae
1415 2855 1510 2885 non
1527 2841 1712 2892 placent
1728 2841 1920 2894 puellis;
1944 2841 2181 2893 „fortasse,

465 2930 503 2974 si
535 2930 714 2983 tacebo.
745 2931 1043 2977 miserebitur
1074 2933 1166 2977 mei
1198 2942 1244 2978 et
1289 2933 1541 2987 frangetur.
1586 2934 1765 2980 Nonne
1797 2950 1962 2980 omnes
1994 2950 2182 2989 semper

466 3024 514 3068 in
532 3039 614 3069 ore
630 3025 804 3069 habent
820 3025 948 3070 illud:
977 3026 1175 3079 „siquid
1191 3028 1362 3080 vidisti,
1379 3037 1497 3081 nega
1511 3037 1557 3073 te
1573 3028 1769 3080 vidisse;
1787 3029 1888 3073 cela
1900 3029 2143 3074 dolorem”
2154 3028 2182 3073 P

467 3116 559 3162 Sed
605 3119 719 3163 dum
766 3119 853 3163 sibi
899 3134 955 3164 ea
991 3120 1139 3165 verba
1168 3121 1349 3174 repetit,
1382 3121 1450 3167 ira
1480 3122 1711 3175 dolorque
1742 3137 1852 3167 eum
1884 3123 2033 3176 cepit:
2067 3138 2182 3175 „cur

468 3227 545 3257 me
576 3212 766 3264 spemn,
798 3212 962 3265 inquit,
994 3215 1207 3260 nondum
1239 3230 1385 3260 senex
1416 3230 1520 3261 sum
1552 3217 1669 3261 etc.''
1687 3215 1735 3261 Si
1752 3231 1810 3262 eo
1827 3218 1970 3262 modo
1986 3217 2179 3271 elegiam

385 3376 415 3423 ²)
465 3380 627 3415 Hetzel:
665 3382 732 3414 zilr
770 3380 976 3422 Brklamng
1013 3383 1078 3415 dea
1117 3381 1342 3425 Propertius,
1385 3383 1475 3418 1876
1511 3380 1564 3427 (p.
1592 3381 1654 3428 12)
1691 3395 1758 3420 coa
1794 3385 2038 3427 fragmentum
2066 3393 2180 3428 putat,

335 3441 431 3479 quod
458 3451 478 3473 a
505 3451 572 3474 auo
596 3441 680 3474 loco
706 3439 903 3474 aberravit.
