2566 3886
1122 249 1388 294 —222—

1070 449 1325 495 ELEGIA
1355 450 1442 495 VI.

363 581 404 626 3.
466 596 562 626 non
594 596 671 625 me
702 580 874 625 laetitia
903 580 1208 625 tumefactum
1240 580 1360 625 fallis
1392 580 1517 625 inani

466 691 497 720 n
514 690 588 720 on
621 675 698 728 N;
731 676 867 720 dum
902 674 962 720 O.

465 770 782 815 Phillimorius
828 786 888 815 ex
934 770 984 815 N
1031 770 1128 815 edit
1174 785 1316 822 non;
1364 770 1447 815 sed
1494 786 1629 815 num
1676 771 1925 824 legendum
1971 786 2074 816 esse
2120 787 2180 817 ex

465 875 731 911 ceterorum
763 866 980 911 codicum
1013 865 1179 910 vitiosa
1209 865 1410 910 lectione
1441 866 1591 918 dum,
1623 881 1743 919 quae
1774 881 1834 911 ex
1855 876 1986 919 parte
2011 883 2179 913 verum

465 961 685 1013 servavit,
715 962 819 1006 luce
851 961 1019 1006 clarius
1051 970 1256 1013 apparet.

360 1102 403 1148 9.
435 1103 551 1148 sicin
583 1118 687 1148 eam
719 1103 968 1157 incomptis
1000 1103 1157 1148 vidisti
1189 1103 1302 1148 flere
1334 1102 1549 1156 capillis?

581 1198 703 1243 illius
735 1214 794 1243 ex
826 1199 973 1244 oculis
1005 1200 1151 1243 multa
1182 1199 1379 1243 cadebat
1409 1197 1570 1252 aqua?

464 1293 558 1338 Pro
600 1293 763 1338 sicin
807 1309 934 1338 eam
977 1291 1345 1351 (Baehrensius)
1378 1292 1423 1338 O
1455 1294 1614 1346 legunt
1644 1293 1806 1338 sicut
1849 1309 1989 1347 eam,
2034 1294 2085 1339 N
2129 1295 2179 1339 si

462 1381 530 1433 οἳ
558 1386 631 1446 (z
663 1389 700 1433 si
732 1386 911 1447 causa).
946 1389 1056 1434 Hoc
1073 1390 1178 1434 loco
1197 1389 1242 1434 O
1261 1389 1479 1434 meliores
1496 1397 1603 1434 sunt
1619 1404 1760 1442 quam
1779 1388 1844 1442 N,
1862 1389 2180 1436 Phillimorius

462 1485 578 1529 nihil
611 1493 795 1530 mutans
827 1484 893 1529 sic
925 1485 1238 1538 interpunxit:

581 1580 661 1632 sic,
694 1588 744 1624 ut
775 1595 878 1624 eam
910 1580 1159 1633 incomptis
1191 1581 1349 1625 vidisti
1380 1580 1493 1625 flere
1525 1579 1715 1632 capillis,

702 1674 823 1719 illius
855 1689 915 1719 ex
945 1675 1093 1719 oculis
1125 1676 1270 1720 multa
1300 1675 1496 1720 cadebat
1527 1673 1686 1728 aqua?

462 1768 555 1815 Sed
602 1769 806 1822 primum
854 1778 993 1822 poeta
1039 1770 1181 1815 debet
1226 1784 1470 1824 quaerere,
1508 1784 1622 1814 num
1655 1783 1823 1814 revera
1853 1769 1974 1815 flerit
2011 1770 2179 1824 puella,

464 1874 564 1910 tum
597 1865 805 1916 demum,
838 1880 952 1909 num
986 1865 1153 1909 multas
1185 1864 1357 1909 fuderit
1387 1864 1614 1908 lacrimas.

463 1960 627 2005 Lectio
645 1959 690 2004 O
708 1959 875 2004 leviter
891 1968 1065 2004 mutata
1080 1975 1195 2005 vera
1210 1969 1304 2006 est:
1320 1975 1407 2013 pro
1434 1959 1521 2005 sic
1535 1968 1598 2005 ut
1626 1975 1653 2004 e
1666 1975 1693 2004 a
1706 1975 1753 2004 m
1770 1975 1879 2005 cum
1895 1959 2181 2005 Baehrensio

463 2055 512 2100 si
526 2055 623 2100 cin
655 2070 682 2099 e
695 2070 722 2099 a
735 2070 782 2099 m
814 2055 1079 2108 legendum.

333 2185 521 2230 11-14.
554 2200 642 2230 nec
674 2186 917 2238 speculum
949 2194 1091 2230 strato
1123 2186 1293 2238 vidisti,
1327 2186 1582 2239 Lygdame,
1613 2184 1773 2230 lecto?

581 2280 776 2325 ornabat
808 2280 970 2325 niveas
1002 2281 1192 2325 nullane
1223 2289 1407 2333 gemma
1438 2279 1643 2326 manus?

464 2391 518 2421 ac
550 2384 772 2420 maestam
804 2384 988 2420 teneras
1019 2383 1200 2419 vestem
1233 2376 1442 2427 pendere
1472 2374 1668 2427 lacertis,

585 2448 849 2523 scriniaque
881 2471 939 2514 ad
972 2470 1081 2515 lecti
1113 2470 1267 2515 clausa
1298 2470 1450 2515 iacere
1480 2468 1665 2522 pedes?

464 2565 697 2611 Ordinem
743 2566 913 2610 horum
960 2579 1184 2609 versuum
1228 2573 1408 2609 mutare
1439 2565 1587 2609 voluit
1618 2563 1679 2609 G.
1724 2564 1780 2609 T.
1825 2563 2100 2618 Suringarus
2131 2564 2179 2610 in

464 2660 841 2713 prolusione
889 2659 1188 2712 Lingensi
1235 2674 1359 2704 anno
1393 2659 1507 2704 1806
1538 2660 1662 2704 edita
1692 2676 1737 2713 p.
1770 2660 1867 2713 ΙΧ;
1898 2661 2181 2713 transposuit

462 2755 590 2799 enim
636 2769 801 2799 versus
846 2754 900 2798 12
951 2761 997 2797 et
1030 2753 1084 2797 14
1116 2753 1238 2798 inter
1268 2769 1332 2798 se.
1367 2754 1559 2799 Praeter
1591 2755 1929 2800 Baehrensium
1961 2764 2007 2801 et
2039 2755 2179 2801 Hart-

463 2865 655 2894 manum
688 2864 830 2893 nemo
861 2848 982 2892 hanc
1014 2842 1421 2900 transpositionem
1453 2850 1643 2903 recepit.

464 2944 642 2989 Keilius
673 2941 939 3001 (Observat
955 2957 999 2994 p.
1017 2939 1115 3000 39),
1147 2943 1227 2996 qui
1259 2943 1308 2987 in
1340 2944 1548 2989 carmine
1580 2943 1652 2988 IV
1669 2942 1970 2998 Suringarum
1993 2954 2178 2991 secutus

465 3048 547 3091 est,
579 3040 670 3084 hoc
698 3039 802 3083 loco
830 3037 1047 3082 ordinem
1064 3038 1284 3083 traditum
1301 3038 1513 3083 defendit
1528 3039 1656 3083 hisce
1672 3038 1850 3084 verbis:
1865 3039 1959 3091 „sic
1972 3055 2048 3085 res
2060 3040 2178 3094 cogi-

464 3134 617 3185 tanda,
664 3132 795 3186 quasi
841 3132 981 3177 addat
1021 3148 1142 3186 quae
1173 3133 1344 3178 oblitus
1375 3149 1456 3178 era
1475 3134 1516 3177 ’'.
1548 3134 1616 3179 At
1646 3135 1774 3179 nulla
1804 3150 1943 3180 causa
1973 3144 2056 3188 est,
2093 3151 2179 3181 cur

464 3237 682 3280 putemus
714 3235 899 3279 poetam
931 3227 1021 3271 hoc
1053 3227 1346 3280 potissimum
1384 3229 1488 3273 loco
1529 3237 1623 3273 tam
1669 3230 1788 3274 dura
1832 3231 2177 3276 constructione

467 3338 604 3368 usum
622 3336 875 3374 esse;nam
894 3321 941 3366 in
967 3330 1096 3368 textu
1125 3323 1291 3368 tradito
1322 3323 1537 3367 infinitivi
1569 3324 1849 3376 pendere
1880 3333 1938 3369 et
1968 3324 2177 3370 iacere

466 3433 607 3463 versu
642 3417 696 3462 12
728 3418 849 3462 male
880 3431 907 3461 a
938 3417 1087 3462 verbo
1119 3417 1344 3462 vidisti
1376 3426 1662 3471 separantur.
