2566 3886
341 2200 413 2245 21.

1132 254 1368 302 -29-

456 392 551 438 Ov.
573 391 671 437 Ars
692 407 782 436 am.
807 391 843 443 1,
869 389 977 435 145:
993 387 1034 447 ¹)
1054 389 1188 434 cuius
1205 388 1316 441 equi
1332 388 1538 439 venient,
1556 386 1693 432 tacito
1708 386 1915 432 studiose
1931 385 2167 438 requiram

457 487 577 532 Met.
612 486 681 532 10.
716 485 801 531 196
820 483 862 543 ¹)
892 485 1076 537 laberis,
1109 483 1355 535 Oebalide,
1389 483 1540 535 prima
1570 483 1780 528 fraudate
1811 482 2027 535 iuventa;

457 582 658 627 Heroid.
693 580 762 626 10.
793 581 822 626 6
842 578 883 639 ¹)
914 581 962 625 in
994 595 1091 633 quo
1122 594 1200 624 me
1221 593 1509 631 somnusque
1534 593 1668 623 meus
1689 578 1811 623 male
1832 578 2040 631 prodidit
2057 586 2105 623 et
2119 587 2170 623 tu

1033 690 1119 728 per
1150 674 1328 719 facinus
1360 673 1536 718 somnis
1567 673 1783 718 insidiate
1814 674 1945 718 meis.

458 772 607 817 Nullo
637 772 774 826 igitur
803 772 947 816 modo
978 779 1183 816 nostram
1215 770 1611 814 constructionem
1629 769 1884 814 defendere
1910 783 2173 821 possumus,

458 868 573 920 quin
605 868 788 921 linguae
820 867 1014 911 Latinae
1045 866 1117 910 vis
1145 865 1236 910 fiat.
1263 864 1310 910 Si
1332 873 1487 910 tamen
1514 864 1763 909 lectionem
1786 864 1883 909 DV
1903 864 2159 916 accipimus

461 963 619 1007 omnia
649 962 772 1007 bene
803 962 1091 1015 procedunt:

649 1057 847 1103 Utere
877 1057 1002 1102 felici
1034 1064 1285 1109 praevecta
1315 1055 1555 1102 Ceraunia
1585 1070 1732 1108 remo,

800 1153 995 1205 accipiat
1026 1151 1219 1204 placidis
1250 1150 1421 1196 Oricos
1452 1151 1750 1204 aequoribus.

464 1248 560 1300 Qui
601 1263 865 1302 pronomen
911 1256 968 1292 te
1013 1247 1061 1292 in
1099 1255 1358 1300 petametro
1396 1246 1652 1292 desiderari
1690 1255 1827 1300 aegre
1864 1247 2036 1300 ferunt,
2069 1263 2178 1293 cum

465 1341 715 1395 Solbiskyo
746 1340 818 1401 (p.
854 1340 988 1400 186):
1021 1343 1057 1395 1,
1090 1342 1132 1394 6,
1164 1342 1219 1386 21

652 1453 761 1483 nam
792 1447 873 1483 tua
903 1453 998 1483 non
1030 1446 1155 1483 aetas
1187 1453 1395 1490 unquam
1428 1438 1627 1483 cessavit
1657 1439 1806 1483 amori

806 1548 994 1586 semper
1030 1542 1077 1578 et
1113 1541 1316 1578 armatae
1354 1548 1468 1578 cura
1505 1533 1589 1578 fuit
1627 1533 1802 1586 patriae
1839 1531 1930 1592 (sc.
1966 1532 2077 1593 tibi)

468 1630 545 1674 vel
576 1644 685 1674 cum
720 1629 1050 1674 Lachmanno:
1082 1629 1144 1681 ΙΙ,
1177 1628 1218 1673 5.
1251 1627 1308 1673 23

654 1739 743 1769 nec
774 1724 858 1769 tibi
888 1740 1094 1770 conexos
1126 1725 1268 1770 iratus
1299 1739 1493 1777 carpere
1525 1724 1667 1769 crinis

811 1835 899 1865 nec
931 1820 1062 1865 duris
1092 1820 1241 1865 ausim
1273 1821 1461 1865 laedere
1492 1820 1753 1874 pollicibus,

472 1915 689 1960 conferre
720 1923 928 1968 possunt.

473 2010 585 2055 Hoc
616 2025 807 2063 quoque
838 2011 943 2055 loco
975 2010 1072 2055 DV
1103 2011 1398 2064 praeferendi
1429 2019 1537 2056 sunt
1568 2010 1698 2056 libris
1728 2010 1889 2055 AFN.

475 2216 583 2246 nam
616 2216 693 2246 me
724 2216 819 2246 non
852 2201 973 2246 ullae
1005 2210 1224 2254 poterunt
1255 2216 1575 2254 corrumpere,
1608 2202 1668 2246 de
1700 2210 1745 2246 te

698 2297 813 2349 quin
845 2306 945 2350 ego,
977 2297 1086 2349 vita,
1118 2306 1199 2342 tuo
1230 2296 1391 2341 limine
1422 2296 1571 2341 verba
1602 2311 1776 2349 querar

477 2391 635 2436 Versu
666 2391 721 2436 21
755 2392 899 2437 credo
930 2407 1039 2437 cum
1073 2392 1355 2437 Housmano
1386 2389 1552 2449 (JPH.
1584 2391 1747 2443 XXII,
1779 2406 1823 2444 p.
1858 2390 1969 2450 117)
2016 2394 2047 2437 d
2062 2409 2089 2438 e
2132 2402 2150 2438 t
2163 2410 2190 2439 e

477 2495 604 2531 recte
665 2486 854 2538 habere,
900 2502 1056 2540 neque
1101 2502 1210 2532 cum
1256 2487 1421 2532 codice
1467 2485 1774 2540 Groningano
1820 2496 1838 2531 t
1850 2502 1878 2532 a
1890 2503 1917 2532 e
1931 2488 1961 2532 d
1976 2503 2003 2533 a
2015 2503 2043 2533 e
2089 2503 2192 2534 esse

478 2582 742 2634 legendum,
788 2583 916 2635 quod
964 2583 1296 2628 Lachmannus
1341 2582 1586 2628 Vahlenus
1630 2583 1894 2628 Muellerus
1936 2595 2192 2631 assumunt.

480 2675 705 2729 Setmenti
720 2692 861 2722 versu
879 2693 910 2722 v
924 2692 951 2722 e
964 2693 988 2722 r
1002 2677 1032 2722 b
1046 2693 1073 2723 a
1088 2693 1184 2723 non
1201 2678 1469 2724 defenditur
1479 2678 1608 2730 locis,
1619 2694 1739 2732 quos
1750 2680 1859 2724 citat
1872 2680 2193 2726 Rothsteinius

483 2771 531 2816 in
548 2772 899 2824 commentario,
915 2773 998 2818 sed
1015 2788 1124 2818 cum
1143 2773 1404 2819 Passeratio
1421 2789 1601 2826 repono
1617 2790 1650 2820 v
1663 2790 1690 2820 e
1703 2790 1728 2819 r
1739 2790 1780 2827 a,
1797 2776 1925 2828 quod
1943 2774 2195 2820 sescenties

483 2882 591 2912 cum
622 2882 742 2912 voce
773 2882 805 2912 v
819 2883 846 2913 e
858 2883 883 2912 r
895 2867 926 2912 b
940 2883 967 2912 a
997 2868 1323 2921 confunditur;
1340 2883 1497 2922 neque
1513 2878 1670 2914 tamen
1687 2869 1735 2914 id
1751 2884 1860 2915 cum
1879 2869 2195 2923 Hertzbergio

484 2961 788 3014 interpretor:
834 2977 1066 3015 querar
1105 2963 1373 3016 quidem,
1406 2965 1513 3008 sed
1545 2964 1708 3009 nihil
1740 2965 1864 3009 nisi
1901 2965 2080 3017 iusta,
2112 2965 2196 3010 sed

485 3070 594 3100 cum
619 3056 674 3100 L.
707 3056 945 3101 Muellero
976 3065 1022 3102 et
1053 3056 1302 3110 Solbiskyo
1333 3055 1404 3116 (p.
1440 3057 1573 3116 167):
1606 3075 1638 3103 v
1651 3074 1678 3103 e
1692 3059 1743 3103 ri
1790 3075 1816 3103 c
1830 3075 1861 3104 u
1875 3075 1922 3104 m
1969 3075 2000 3112 q
2014 3075 2045 3104 u
2060 3074 2087 3104 e
2100 3073 2122 3103 s
2135 3067 2197 3103 tu

486 3151 663 3204 signa
692 3152 865 3196 edam
896 3153 1127 3198 amoris
1159 3153 1215 3207 cf,
1249 3152 1421 3198 Catull.
1452 3152 1624 3204 66,18:
1656 3153 2199 3205 non,itamedivi‚vera

488 3254 693 3298 gemunt,
725 3246 910 3291 iuerint.

406 3361 437 3407 ¹)
486 3366 547 3406 qui
584 3366 657 3400 loci
695 3378 716 3400 a
740 3367 911 3401 Vahleno
949 3366 1062 3401 adlati
1100 3373 1203 3400 sunt:
1242 3367 1368 3402 Ueber
1397 3368 1491 3402 zwei
1524 3368 1675 3410 Elegien
1703 3369 1768 3402 des
1784 3368 2009 3408 Propertius.
2022 3369 2103 3403 Aus
2129 3371 2201 3404 den

358 3447 723 3490 Sitzungsbcrichten
748 3450 814 3483 der
840 3448 933 3482 Κὸιι.
958 3448 1081 3483 Aknd.
1107 3450 1142 3483 d.
1156 3448 1267 3483 Wisn.
1293 3461 1340 3483 zu
1367 3450 1493 3484 Berlin
1517 3461 1605 3485 vom
1630 3450 1741 3484 Jnhre
1769 3449 1871 3492 1882,
1896 3462 1929 3491 p.
1954 3451 2035 3486 269.
