2566 3886
326 1816 399 1861 21.

1128 250 1303 296 —267
1337 276 1394 282 —

465 389 512 426 et
538 381 825 435 acquirere’'.
857 381 949 426 Sed
981 381 1206 426 dexter
1237 379 1404 425 melior
1433 379 1572 424 lectio
1603 387 1698 423 est:
1732 386 2024 432 pentameter
2054 378 2181 425 enim

465 477 603 520 docet
634 491 729 520 non
761 477 822 521 de
855 476 1081 528 Hercule,
1113 476 1196 520 sed
1228 476 1288 520 de
1314 475 1501 520 Baccho
1516 489 1783 519 sermonem
1798 488 1925 519 esse:
1943 474 2182 520 Bacchum

464 579 620 616 autem
652 571 875 616 dextra
905 585 1041 616 usum
1074 585 1177 616 esse
1208 570 1465 616 absurdum
1497 578 1590 622 est;
1622 577 1668 614 et
1694 577 1935 622 praeterea
1957 569 2182 615 dexter

465 666 592 718 quod
624 666 828 718 optimus
859 666 937 711 dat
967 667 1119 711 codex
1149 680 1280 711 suam
1312 664 1453 710 habet
1468 663 1842 718 explicationem,
1859 679 1968 709 cum
1986 665 2182 709 dexter

465 760 541 804 hic
572 760 698 805 idem
730 760 787 805 sit
818 768 958 813 atque
990 760 1327 813 propitius,
1359 759 1521 804 bono
1558 758 1777 804 animo.

463 956 535 1000 his
567 970 754 1008 pressus
786 955 963 1009 Stygias
993 955 1176 1001 vultum
1208 954 1396 1000 demisit
1426 954 1474 999 in
1505 955 1671 999 undas.

464 1050 594 1102 Quid
626 1051 717 1096 hoc
764 1051 868 1096 loco
913 1050 998 1095 sibi
1032 1050 1146 1095 velit
1175 1064 1439 1103 pronomen
1471 1049 1503 1093 h
1520 1049 1587 1101 is,
1619 1049 1888 1102 quaeritur3
1921 1049 2179 1103 Postgatius

462 1142 655 1203 (Select.
689 1145 760 1190 El.
793 1160 837 1198 p.
873 1142 983 1203 183)
1015 1145 1368 1197 interpretatur:
1400 1144 1562 1196 „these
1593 1144 1768 1189 malific
1785 1144 2086 1197 influences”,
2103 1144 2178 1189 alii

461 1241 680 1293 supplent
711 1240 962 1294 stagnis,
995 1240 1123 1294 quod
1155 1239 1294 1285 nimis
1325 1248 1573 1285 remotum.
1599 1238 1707 1284 Nisi
1723 1239 1829 1292 quis
1845 1248 2002 1284 autem
2020 1240 2175 1285 locum

461 1350 569 1380 cum
587 1334 819 1388 Postgatio
835 1334 1129 1388 interpretari
1145 1335 1286 1387 volet,
1313 1335 1344 1379 h
1362 1334 1414 1379 is
1446 1334 1504 1379 ad
1522 1349 1690 1379 vocem
1717 1334 1755 1379 B
1772 1334 1873 1379 aia
1889 1349 1916 1379 e
1940 1334 2176 1387 pertinere

461 1430 647 1482 creden
695 1430 761 1474 sic
806 1439 962 1475 tamen
995 1429 1051 1474 in
1084 1438 1292 1474 vestro
1323 1430 1461 1474 lacu
1479 1426 1520 1487 1)
1552 1428 1707 1474 minus
1737 1429 1874 1475 facile
1905 1429 2177 1482 explicatur,

462 1525 633 1578 quibus
663 1526 948 1579 argumentis
964 1526 1188 1577 adducor,
1205 1534 1256 1570 ut
1286 1540 1395 1570 cum
1413 1524 1619 1578 Guyeto,
1636 1540 1779 1578 quem
1797 1525 1897 1579 ipse
1914 1525 2176 1579 Postgatius

460 1620 507 1665 in
539 1619 745 1666 editione
764 1619 878 1666 1894
910 1629 1109 1666 secutus·
1128 1629 1211 1673 est,
1243 1635 1495 1674 reponam:
1527 1621 1559 1665 h
1575 1620 1590 1665 i
1607 1636 1647 1666 c.

462 1818 546 1862 sed
577 1825 733 1862 tamen
765 1818 855 1862 hoc
887 1832 1066 1869 omnes,
1098 1817 1191 1862 huc
1222 1817 1401 1871 primus
1433 1825 1480 1862 et
1509 1816 1700 1862 ultimus
1732 1817 1865 1863 ordo.

459 1909 534 1956 Sic
565 1926 731 1957 versus
762 1912 928 1965 legitur
959 1912 1008 1957 in
1041 1912 1102 1958 O.

457 2006 631 2052 Variae
654 2007 951 2053 coniecturae
968 2009 1027 2053 ad
1044 2009 1160 2053 haec
1177 2008 1474 2053 emendanda
1490 2007 1727 2061 proposita
1742 2016 1873 2060 sunt;
1892 2007 2171 2053 Beroaldus:

459 2103 562 2147 sed
594 2111 797 2148 tamen
829 2104 940 2148 huc
972 2118 1191 2155 omnes,
1222 2104 1337 2149 huc
1369 2103 1609 2156 primus
1641 2111 1696 2148 et
1727 2102 1977 2149 ultimus
2008 2103 2171 2156 ordo;

460 2196 687 2242 Heinsius
718 2213 909 2243 versum
941 2198 1146 2243 refinxit:
1178 2207 1235 2243 te
1249 2214 1280 2243 n
1295 2198 1415 2243 dim
1430 2214 1461 2243 u
1475 2213 1497 2243 s
1528 2199 1560 2243 h
1574 2213 1643 2243 uc
1674 2213 1765 2244 om
1779 2214 1810 2243 n
1825 2213 1852 2243 e
1866 2213 1902 2250 s,
1934 2199 1965 2243 h
1979 2214 2011 2243 u
2025 2213 2051 2243 c
2083 2207 2170 2243 etc.

459 2291 817 2337 Lachmannus=
864 2294 971 2338 sed
1018 2302 1224 2338 tamen
1272 2294 1385 2339 hoc
1431 2308 1658 2346 omnes,
1691 2294 1805 2339 hoc
1837 2294 2079 2346 primus
2110 2302 2171 2338 et

457 2387 636 2433 ultim
650 2403 715 2433 us
746 2389 856 2434 ord
870 2404 913 2434 o.
947 2388 1070 2434 Eum
1102 2398 1290 2434 secutus
1321 2398 1390 2434 est
1423 2389 1749 2435 BaehrensiuS.

458 2482 764 2529 Housmanus
800 2480 945 2542 (JPh.
977 2484 1114 2536 XVI,
1146 2500 1190 2537 p.
1226 2483 1331 2543 11):
1364 2486 1470 2530 sed
1503 2483 1764 2543 manet2)
1794 2486 1909 2531 hoc
1940 2499 2167 2537 omnes,

455 2578 572 2623 huc
617 2578 840 2631 primus
886 2587 939 2624 et
985 2579 1245 2624 ultimus
1291 2580 1460 2625 imus.

457 2671 503 2718 Si
549 2688 690 2718 versu
740 2673 792 2718 11
836 2675 949 2719 sed
996 2683 1214 2719 tamen
1261 2676 1381 2720 hoc
1427 2690 1648 2720 omnes
1695 2676 1903 2729 legimus,
1947 2676 2006 2720 ad
2047 2676 2167 2720 hoc

456 2768 769 2820 supplendum
816 2778 885 2813 est
916 2784 1024 2814 cum
1058 2770 1386 2814 Lachmanno:
1419 2771 1510 2815 hoc
1540 2785 1705 2815 omnes
1737 2778 1966 2823 coguntur
1995 2770 2165 2822 facere,

455 2876 620 2907 omnes
666 2876 749 2907 sua
794 2864 905 2907 dant
950 2863 1133 2916 ignibus
1174 2865 1406 2917 rogalibus
1420 2879 1432 2916 ς
1465 2865 1530 2909 sic
1562 2874 1718 2909 tamen
1750 2865 1908 2910 evadit
1938 2865 2166 2910 sententia

455 2955 634 3007 inepta:
682 2970 847 3000 omnes
890 2966 1119 3010 coguntur
1165 2959 1323 3003 omnia
1368 2968 1656 3011 ornamenta,
1704 2960 1764 3004 de
1811 2960 1982 3013 quibus
2021 2960 2164 3005 modo

455 3050 637 3094 locutus
668 3065 786 3102 sum,
815 3051 909 3104 igni
940 3054 1120 3097 urenda
1151 3054 1276 3098 dare.
1311 3054 1421 3099 Hoc
1451 3064 1607 3099 tamen
1631 3054 1817 3100 nonnisi
1834 3055 1893 3100 de
1910 3054 2164 3100 ambitiosis

455 3144 844 3197 divitioribusque
876 3146 967 3191 dici
999 3155 1164 3199 potest.

372 3320 401 3367 ¹)
451 3324 591 3365 Sperno
605 3325 717 3366 igitur
741 3326 974 3361 coniecturas
1001 3328 1211 3363 Housmani
1236 3326 1337 3372 (JPh.
1362 3331 1467 3372 XVI,
1495 3343 1528 3371 p.
1556 3327 1630 3374 11):
1669 3332 1776 3365 inte
1792 3343 1845 3366 rn
1860 3343 1894 3372 ο,
1919 3328 2049 3373 Paleyi
2073 3333 2162 3367 JPh.

323 3383 427 3424 XVI,
450 3395 483 3423 p.
511 3379 613 3426 188):
639 3384 857 3420 infesto.

370 3438 400 3485 ²)
451 3443 504 3477 nic
529 3443 602 3478 iam
627 3444 676 3478 A.
701 3440 862 3479 Palmer.
