2566 3886
1141 242 1405 288 —210—

479 369 526 414 Si
559 371 649 415 iam
682 386 872 416 carmen
905 373 1104 416 heroum
1137 372 1395 425 cecinisset,
1427 373 1474 418 id
1507 375 1635 427 quod
1682 389 1708 419 c
1725 374 1906 420 ecini
1953 375 2191 428 indicaret,

480 464 662 510 Phoebi
694 466 950 511 admonitio
981 467 1110 511 omni
1142 482 1283 512 sensu
1314 476 1508 512 careret.

477 559 726 605 Praeterea
771 561 1027 605 admodum
1075 562 1247 606 mirum
1290 571 1425 615 esset,
1457 562 1495 607 si
1528 562 1800 615 Propertius
1832 579 1927 608 non
1959 564 2070 609 alias
2100 580 2189 618 res,

476 670 617 707 quam
637 671 752 709 quas
772 655 954 701 Ennius
970 671 1161 710 quoque
1178 657 1226 701 in
1243 657 1511 702 Annalibus
1528 659 1917 703 commemoravit
1930 659 2188 704 cecinisset.

474 749 618 794 Musa
648 765 769 803 quae
801 766 910 795 eum
943 752 1241 803 compellavit
1271 749 1343 809 (v.
1376 750 1564 810 39sqq.)
1596 760 1641 796 et
1672 752 1956 805 adhortatur,
1988 769 2048 798 ne
2068 753 2190 799 bella

472 854 619 899 canat,
653 846 714 889 de
746 845 890 890 Marii
921 846 1087 899 pugnis
1119 855 1165 890 et
1196 847 1256 891 de
1288 846 1422 891 bellis
1453 847 1501 891 in
1536 847 1795 892 Germania
1809 847 1946 901 gestis
1962 848 2183 901 loquitur.

471 939 575 985 Cur
620 956 689 985 vs.
737 939 764 985 8
811 942 871 986 de
917 941 1112 986 Aemilii
1160 941 1292 986 Pauli
1329 942 1483 994 potius
1514 942 1754 995 triumpho
1785 940 1920 1000 (167)
1952 958 2093 996 quam
2125 944 2186 988 de

468 1035 662 1080 Aemilii
701 1035 868 1089 Regilli
900 1034 1041 1094 (189)
1072 1037 1370 1090 cogitandum
1403 1037 1473 1089 sit,
1505 1052 1601 1082 non
1633 1038 1879 1090 perspicio.
1914 1038 2185 1090 Propertius

467 1129 593 1174 enim
641 1130 701 1175 de
742 1131 1038 1175 Aemilia
1083 1132 1237 1175 navi
1270 1131 1489 1184 loquitur.
1522 1131 1655 1177 Pauli
1688 1141 1844 1177 autem
1891 1133 2182 1186 triumphum

467 1239 521 1269 ea
553 1226 845 1278 potissimum
877 1241 943 1278 re,
976 1227 1103 1279 quod
1135 1242 1160 1270 r
1179 1226 1320 1280 egis
1352 1226 1390 1270 P
1408 1227 1587 1271 ersei
1619 1227 1773 1272 navi
1804 1226 1967 1272 Tiberi
1982 1228 2183 1274 adverso

464 1320 718 1365 subvectus
749 1329 832 1373 est,
864 1321 990 1374 vulgi
1021 1336 1104 1365 ora
1134 1321 1423 1365 convertisse
1455 1330 1500 1366 et
1534 1321 1698 1366 Livius
1730 1330 1774 1366 et
1807 1321 2061 1375 Eutropius
2091 1321 2179 1367 IV.

464 1415 491 1459 4
523 1416 708 1468 docent,
732 1417 814 1470 qui
831 1416 1018 1461 scribit:
1053 1417 1254 1461 Romam
1271 1432 1380 1461 cum
1398 1416 1572 1469 ingenti
1595 1431 1768 1470 pompa
1783 1416 1921 1461 rediit
1952 1416 2007 1461 in
2039 1432 2180 1462 nave

463 1510 542 1555 Pe
559 1526 619 1556 rs
636 1526 662 1555 e
679 1511 708 1563 i,
756 1527 878 1565 quae
924 1511 1184 1556 invisitatae
1231 1511 1560 1565 magnitudinis
1603 1511 1747 1556 fuisse
1794 1511 2002 1556 traditur.
2054 1511 2179 1566 Ergo

460 1614 645 1657 poetam
707 1606 880 1650 erroris
925 1615 1125 1659 accusat,
1172 1606 1253 1660 qui
1296 1621 1406 1651 eum
1454 1606 1586 1651 Pauli
1633 1606 1924 1659 triumphum
1971 1607 2177 1652 voluisse

459 1709 603 1752 putet,
621 1701 796 1754 quippe
813 1716 956 1753 quem
976 1701 1157 1746 Ennius
1174 1701 1221 1745 in
1242 1716 1432 1745 carmen
1449 1716 1586 1746 suum
1600 1701 1811 1753 recipere
1823 1716 1918 1746 non
1931 1701 2175 1754 potuerit”.

460 1795 706 1841 Hactenus
737 1795 971 1848 Werffius,
1003 1796 1136 1841 cuius
1168 1796 1316 1841 verba
1346 1805 1512 1849 magna
1542 1811 1602 1840 ex
1634 1804 1765 1848 parte
1796 1795 2035 1848 exscripsi,
2065 1811 2174 1842 cum

457 1891 558 1936 eius
590 1891 839 1945 disputatio
870 1906 966 1936 non
998 1891 1170 1945 cuique
1201 1899 1387 1944 praesto
1418 1891 1488 1935 sit.

456 1986 538 2031 Ad
588 1986 798 2031 ultimam
845 1986 1051 2031 Vahleni
1097 1985 1476 2030 observationem
1508 2000 1650 2039 quam
1683 1985 1903 2031 Werffius
1934 1984 2174 2037 praeteriit

454 2082 747 2127 refutandam
785 2081 1129 2134 comparandus
1160 2089 1231 2125 est
1260 2081 1391 2125 locus
1422 2080 1690 2125 notissimus
1721 2078 1836 2138 (III,
1870 2080 1939 2132 12,
1971 2077 2056 2136 25)
2087 2078 2169 2124 ubi

454 2186 614 2221 noster
660 2177 927 2222 summatim
975 2176 1241 2229 Odysseam
1288 2185 1487 2228 enarrat,
1533 2177 1654 2220 hanc
1697 2176 1843 2220 solam
1874 2175 1936 2220 ob
1967 2190 2169 2227 causam,

453 2278 582 2330 quod
599 2293 741 2331 quam
759 2278 905 2322 multa
920 2277 1083 2330 legerit
1098 2286 1144 2322 et
1160 2292 1301 2330 quam
1319 2276 1442 2321 bene
1457 2276 1574 2320 haec
1590 2275 1748 2320 omnia
1760 2284 1915 2320 teneat
1928 2275 2168 2328 memoria,

453 2373 704 2417 ostendere
735 2373 837 2417 vult
868 2373 1034 2417 doctus
1065 2381 1216 2424 poeta.

451 2561 579 2607 Cum
628 2571 784 2606 autem
831 2561 903 2606 his
949 2561 1164 2605 versibus
1212 2560 1354 2604 Ennii
1399 2560 1659 2605 Annalium
1691 2559 1927 2613 epitomen
1959 2559 2167 2604 breviter

446 2657 646 2711 proferri
678 2657 974 2701 manifestum
1006 2657 1076 2718 sit,
1109 2671 1218 2700 cum
1251 2656 1463 2700 Polstero
1494 2653 1715 2712 (Quaest.
1748 2654 1890 2707 Prop.
1907 2669 2031 2706 spec.
2048 2668 2093 2706 p.
2110 2653 2166 2722 2)

447 2754 591 2798 credo
622 2767 788 2797 versus
805 2751 832 2796 8
849 2760 895 2796 et
914 2751 968 2796 12
990 2751 1110 2796 inter
1141 2767 1191 2796 se
1223 2750 1596 2803 transponendos
1627 2764 1744 2802 esse,
1777 2765 1885 2794 nam
1918 2758 1968 2794 ut
1998 2763 2164 2794 versus

446 2848 495 2892 in
528 2848 770 2893 codicibus
786 2846 940 2891 traditi
957 2855 1078 2898 sunt,
1109 2845 1289 2891 Ennius
1306 2845 1417 2898 „qui
1434 2845 1578 2889 modo
1595 2845 1655 2889 de
1674 2843 1982 2888 Horatiorum
2000 2842 2163 2888 Curia-

445 2943 712 2995 tiorumque
744 2941 913 2986 cecinit
940 2940 1159 2993 singulari
1190 2939 1459 2991 certamine,
1503 2939 1595 2983 iam
1627 2938 1775 2992 pergit
1811 2938 1870 2982 ad
1901 2938 2160 2983 Aemilium

447 3037 660 3089 Paulum,
683 3034 723 3094 1)
755 3036 866 3080 inde
897 3037 956 3080 ad
989 3036 1165 3080 bellum
1211 3035 1443 3080 Punicum
1476 3034 1737 3079 secundum
1784 3032 1978 3085 finitque
2023 3047 2160 3077 anna-

442 3132 557 3177 lium
600 3141 813 3176 tenorem
858 3131 968 3176 belli
1001 3130 1170 3176 Gallici
1203 3129 1493 3182 temporibus
1524 3143 1743 3173 anserum
1776 3127 2010 3180 vigilantia
2039 3126 2159 3179 capi-

441 3227 553 3272 tolio
584 3227 814 3271 servato''.

444 3320 537 3367 Sed
568 3321 812 3366 audiamus
846 3320 1072 3366 Ottonem
1104 3318 1224 3378 (Die
1255 3320 1518 3365 Versumst.
1552 3318 1572 3362 I
1605 3332 1649 3370 p.
1688 3315 1784 3375 18),
1816 3317 1898 3370 qui
1941 3316 2155 3361 ordinem

355 3429 380 3475 ¹)
429 3439 492 3465 aut
517 3439 557 3465 ut
582 3438 650 3474 ego
674 3432 763 3466 volo
797 3433 851 3465 ud
886 3431 1153 3465 Aemilium
1191 3430 1445 3472 Regillum.
