2566 3886
331 1915 399 1961 15.

1128 266 1365 311 -97-

457 399 561 451 loco
619 398 830 444 adhiberi
888 398 1045 452 possit,
1103 398 1316 452 plerique
1369 398 1572 444 editores
1619 398 1806 444 Heinsii
1853 398 2169 444 coniecturam

458 493 594 538 ilav
611 493 662 538 is
703 509 789 547 pro
827 494 920 538 flu
938 493 1071 538 viis
1109 494 1353 547 recipiunt,
1371 509 1512 547 quam
1529 494 1631 538 iure
1648 494 1880 546 improbat
1897 492 2172 545 Solbiskyus

457 585 561 645 (De
607 587 774 633 Codic.
822 588 962 641 Prop.
1009 604 1053 642 p.
1098 587 1233 647 187):
1275 589 1480 642 „Xanthi
1523 598 1629 634 sunt
1674 589 1724 633 fl
1740 605 1767 634 a
1783 605 1814 633 v
1832 605 1858 634 a
1903 589 2038 641 vada,
2075 603 2171 633 non

458 681 751 728 Simoentis.'’

457 777 718 823 Difficultas
748 778 923 831 optime
954 787 1238 831 removetur,
1270 779 1307 823 si
1339 794 1448 824 cum
1481 779 1676 833 Ungero
1708 776 1874 836 (Anal.
1901 779 2042 830 Prop.
2060 777 2172 822 Hal.

461 871 588 925 1850,
605 888 650 925 p.
668 872 746 929 34)
760 873 1056 926 reponimus:
1094 873 1310 918 fluviis
1470 874 1651 927 vagis,
1683 889 1823 927 quam
1856 873 2172 918 coniecturam

457 976 584 1012 recte
614 976 771 1012 tuetur
801 966 1074 1020 Solbiskyus
1105 965 1220 1025 (1.1.)
1251 977 1520 1021 comparato
1552 968 1639 1020 ΙΙΙ,
1662 967 1804 1021 11,51,
1837 967 1917 1012 ubi
1950 982 2058 1012 cum
2076 966 2173 1011 DV

459 1071 618 1115 vaga
662 1062 910 1115 legendum
943 1071 1105 1107 contra
1137 1061 1517 1115 Neapolitanum,
1549 1063 1629 1116 qui
1677 1063 1798 1107 vad
1816 1077 1843 1107 a
1889 1062 2042 1107 habet.

459 1156 707 1202 Praeterea
737 1172 844 1202 cum
880 1157 1160 1202 Housmano
1191 1155 1335 1215 (JPh.
1367 1157 1504 1209 XXI,
1537 1173 1582 1210 p.
1618 1156 1728 1216 171)
1775 1158 1832 1202 in
1866 1157 2175 1203 Simoente

456 1251 572 1304 lego,
604 1266 699 1296 non
731 1253 859 1305 quod
891 1252 951 1296 in
990 1250 1309 1297 Simoenta
1345 1254 1404 1297 ad
1437 1253 1641 1305 exempli
1673 1252 1807 1297 verbi
1842 1252 2015 1298 Graeci
2047 1253 2175 1297 adhi-

459 1346 634 1391 bitum:
679 1345 864 1390 τιθέναι
908 1349 976 1398 εἰς
1020 1349 1168 1390 τόπον
1215 1347 1494 1401 improbem,
1542 1348 1626 1392 sed
1658 1347 1767 1401 quia
1813 1347 2174 1401 appositum

459 1440 661 1493 primum
724 1456 831 1486 cum
892 1442 1137 1486 fluviis
1196 1442 1395 1495 vagis,
1449 1442 1622 1487 deinde
1675 1458 1783 1487 cum
1834 1441 2175 1488 Simoente

457 1535 758 1582 coniunctum
818 1538 1045 1590 displicet.
1105 1537 1280 1583 Omnia
1338 1539 1584 1592 perspicua
1634 1538 1770 1590 fiunt,
1822 1538 1859 1583 si
1909 1538 2175 1583 Housmani

458 1632 748 1677 correctione
795 1633 865 1677 usi
912 1633 1058 1678 verba
1103 1633 1169 1678 sic
1215 1633 1511 1678 ordinamus:
1559 1633 1803 1678 dominum
1851 1633 1978 1686 vagis
2022 1633 2176 1678 fluviis

458 1726 720 1779 appositum
753 1727 864 1772 lavit
894 1727 942 1771 in
975 1725 1226 1772 Simoente.

461 1931 569 1962 cum
600 1916 683 1961 tibi
715 1932 802 1962 nec
836 1917 1006 1962 Peleus
1037 1918 1197 1962 aderat
1227 1933 1316 1962 nec
1347 1918 1533 1963 caerula
1565 1926 1726 1970 mater,

578 2010 738 2064 Scyria
770 2027 857 2057 nec
891 2013 1035 2057 viduo
1067 2013 1315 2058 Deidamia
1346 2013 1450 2058 viro

463 2105 559 2151 Hic
606 2121 727 2151 unus
774 2122 832 2151 ex
871 2107 925 2152 iis
957 2107 1070 2152 locis
1107 2107 1387 2153 difficillimis
1418 2117 1501 2160 est,
1534 2108 1614 2153 ubi
1647 2123 1909 2161 pronomen
1942 2108 2177 2153 secundae

460 2215 688 2253 personae
719 2202 969 2247 adhibetur
999 2203 1172 2248 omisso
1204 2204 1436 2255 vocativo,
1469 2219 1612 2257 quem
1644 2212 1901 2257 exspectes.

461 2295 595 2340 Idem
627 2296 762 2341 nobis
793 2297 996 2341 occurrit
1028 2297 1075 2341 in
1107 2297 1200 2342 fine
1218 2298 1362 2342 nostri
1380 2298 1600 2342 carminis
1617 2313 1758 2343 versu
1791 2297 1862 2350 52,
1895 2298 1975 2342 ubi
2006 2298 2178 2342 Birtius

461 2387 706 2447 (RhMph.
738 2389 795 2435 38
826 2407 871 2444 p.
915 2389 1029 2449 204)
1075 2407 1161 2446 pro
1208 2407 1229 2436 s
1246 2408 1276 2437 u
1294 2393 1324 2436 b
1342 2393 1355 2436 i
1374 2408 1440 2437 re
1486 2393 1700 2446 superbe
1739 2393 1984 2438 restituere
2016 2393 2177 2444 voluit,

462 2500 523 2529 ne
554 2485 796 2530 vocativus
828 2486 1024 2531 deesset.

462 2579 569 2625 Nec
601 2594 696 2624 non
728 2581 820 2626 huc
852 2581 1052 2633 pertinet
1086 2581 1172 2634 ΙΙΙ,
1204 2582 1247 2634 4,
1269 2583 1327 2627 4:

578 2676 728 2720 Arma
758 2676 875 2720 deus
907 2674 1084 2720 Caesar
1114 2675 1233 2720 dites
1264 2676 1514 2721 meditatur
1544 2677 1603 2721 ad
1636 2677 1792 2730 Indos,

699 2780 744 2814 et
774 2770 892 2814 freta
922 2770 1179 2823 gemmiferi
1211 2770 1391 2815 findere
1422 2771 1569 2816 classe
1601 2773 1754 2817 maris.

582 2873 761 2918 magna,
792 2864 896 2916 viri,
928 2879 1138 2909 merces:
1170 2874 1300 2917 parat
1331 2865 1493 2910 ultima
1524 2874 1647 2910 terra
1677 2866 1964 2920 triumph0s;

699 2957 852 3011 Tigris
884 2966 931 3002 et
962 2957 1225 3010 Euphrates
1256 2958 1344 3003 sub
1376 2967 1455 3003 tua
1484 2959 1587 3004 iura
1618 2960 1776 3004 fluent.

466 3051 613 3096 Hunc
659 3066 848 3104 quoque
894 3052 1049 3096 locum
1091 3052 1180 3096 viri
1225 3052 1349 3096 docti
1381 3052 1522 3097 variis
1554 3053 1706 3097 modis
1738 3055 1993 3098 emendare
2024 3055 2176 3099 conati

464 3154 585 3197 sunt;
618 3145 941 3190 Broukhusius
971 3145 1198 3190 adnotans
1229 3145 1353 3190 istud
1385 3155 1402 3190 t
1419 3161 1450 3190 u
1467 3161 1494 3190 a
1524 3161 1620 3191 non
1653 3147 1806 3199 habet,
1824 3162 1919 3200 quo
1935 3148 2176 3201 referatur,

466 3239 665 3285 coniecit
696 3254 718 3283 s
734 3255 766 3283 u
782 3254 821 3291 a,
853 3240 981 3292 quod
1012 3239 1075 3283 ita
1105 3239 1332 3291 explicat:
1366 3240 1552 3292 „eiectis
1584 3241 1769 3293 regibus
1801 3250 1939 3286 erunt
1970 3242 2040 3286 sui
2063 3242 2176 3287 iuris

468 3343 514 3378 et
544 3334 722 3378 liberi’'.
754 3333 846 3378 Sed
878 3348 974 3378 non
1005 3343 1328 3386 exspectamus
1360 3334 1455 3379 duo
1486 3335 1563 3379 illa
1592 3335 1785 3380 flumina
1815 3336 1885 3380 sui
1917 3336 2030 3380 iuris
2061 3337 2175 3388 fore,

468 3428 551 3473 sed
588 3427 675 3472 sub
706 3427 905 3480 Augusti
937 3427 1170 3472 dicionem
1202 3437 1414 3480 ventura,
1445 3444 1586 3482 quam
1618 3429 1679 3474 ob
1710 3445 1811 3475 rem
1845 3430 2176 3476 Lachmannus

2058 3513 2081 3550 7
