2566 3886
363 1253 435 1298 61.

360 1632 432 1678 65.

360 1821 430 1867 79.

359 1916 430 1963 80.

359 2010 430 2056 77.

359 2106 430 2152 78.

358 2200 430 2246 67.

1162 269 1427 316 -199-

503 415 692 454 quoque
739 401 799 445 de
843 401 1038 454 Vergilii
1086 400 1312 454 poematis
1358 401 1573 446 dicantur
1618 416 1812 446 necesse
1858 411 1941 454 est,
1974 418 2083 447 nam
2116 403 2221 457 quis

501 495 618 540 feret
649 511 813 540 versus
845 495 915 540 81.
946 495 1003 540 82
1037 495 1348 549 Propertium,
1381 511 1582 550 sequens
1614 496 1846 541 distichon
1867 494 1908 554 1)
1923 512 2085 542 rursus
2102 497 2221 543 Ver-

501 590 659 643 gilium
691 589 938 643 spectare?
970 591 1079 642 Qua
1109 606 1160 636 re
1192 591 1439 636 constituta
1469 592 1620 636 haec
1652 592 1712 636 de
1744 591 1976 636 Bucolicis
2007 591 2220 636 adhiberi

501 686 797 730 statuendum
836 694 918 738 est,
951 701 1072 740 quae
1102 687 1293 740 reliquis
1325 685 1609 731 carminibus
1643 685 1858 730 Maronis
1889 695 2220 739 opponuntur3

500 789 547 825 et
591 781 785 825 omnino
830 781 960 826 locus
1007 781 1173 826 melius
1220 781 1473 826 decurrere
1519 781 1722 832 videtur,
1769 781 1807 825 si
1853 791 1992 834 poeta
2022 781 2218 835 Vergilii

499 874 729 920 Varronis
761 874 933 920 Catulli
966 874 1103 920 Calvi
1136 875 1260 921 Galli
1278 875 1563 920 carminibus
1580 876 1828 920 nominatis
1845 876 2009 921 ultimo
2026 876 2218 921 demum

499 970 697 1015 disticho
740 971 803 1014 de
848 970 943 1029 suis
988 970 1132 1023 ipsius
1163 970 1330 1015 libellis
1362 971 1651 1015 mentionem
1682 971 1803 1015 facit.
1836 970 2039 1016 Conicio
2082 970 2220 1023 igitur

498 1065 653 1109 locum
685 1065 1005 1117 perturbatum
1037 1079 1140 1110 esse
1171 1080 1313 1119 quem
1345 1073 1431 1118 ego
1449 1063 1492 1123 ⁹)
1523 1066 1589 1110 sic
1621 1066 1669 1110 in
1701 1065 1932 1119 integrum
1966 1064 2212 1110 restituere

498 1159 671 1204 velim:

495 1254 636 1299 Actia
665 1254 875 1307 Vergilio
907 1254 1112 1299 custodis
1143 1254 1277 1300 litora
1310 1254 1506 1307 Phoebi,

566 1348 782 1394 Caesaris
813 1358 859 1393 et
889 1349 1021 1394 fortis
1053 1349 1211 1394 dicere
1243 1364 1380 1402 posse
1411 1350 1535 1402 ratis,

494 1443 574 1496 qui
606 1459 733 1488 nunc
764 1444 960 1489 Aeneae
992 1443 1186 1489 Troiani
1217 1444 1405 1489 suscitat
1436 1460 1566 1489 arma

563 1539 775 1591 iactaque
807 1539 1000 1584 Lavinis
1031 1539 1217 1584 moenia
1248 1539 1474 1584 litoribus.

494 1631 664 1679 Cedite
698 1634 898 1679 Romani
930 1635 1194 1687 scriptores,
1226 1635 1378 1680 cedite
1411 1634 1552 1680 Grai!

561 1728 720 1773 nescio
751 1729 864 1782 quid
898 1729 1046 1775 maius
1078 1730 1284 1775 nascitur
1316 1730 1475 1783 Iliade,

493 1823 582 1867 tale
612 1823 726 1868 facis
757 1839 947 1869 carmen
980 1826 1117 1869 docta
1147 1825 1380 1870 testudine
1412 1827 1550 1879 quale

552 1917 787 1971 Cynthius
819 1919 1045 1972 impositis
1077 1928 1306 1973 temperat
1336 1921 1554 1966 articulis.

491 2021 541 2057 tu
574 2013 700 2058 canis
732 2013 927 2058 Ascraei
960 2015 1132 2059 veteris
1164 2024 1414 2068 praecepta
1444 2024 1624 2068 poetae,

551 2123 646 2162 quo
677 2118 807 2162 seges
838 2109 886 2153 in
918 2125 1099 2162 campo,
1132 2125 1227 2163 quo
1258 2110 1380 2155 viret
1411 2126 1505 2156 uva
1535 2111 1656 2165 iugo.

491 2211 540 2247 tu
571 2204 699 2248 canis
730 2203 938 2249 umbrosi
971 2204 1132 2249 subter
1162 2205 1319 2257 pineta
1350 2205 1538 2251 Galaesi

558 2298 764 2351 Thyrsin
796 2308 842 2343 et
872 2299 1035 2344 attritis
1067 2300 1292 2353 Daphnin
1323 2302 1680 2354 harundinibus,

491 2402 634 2447 utque
665 2395 831 2439 decem
864 2395 1042 2447 possint
1072 2409 1377 2449 corrumpere
1409 2397 1530 2441 mala
1560 2397 1738 2449 puellas

558 2488 725 2534 missus
756 2498 803 2534 et
832 2489 1070 2543 impressis
1101 2491 1279 2535 haedus
1310 2490 1370 2535 ab
1401 2490 1640 2536 uberibus.

491 2583 604 2628 felix
635 2584 715 2637 qui
747 2584 852 2629 vilis
882 2585 1034 2637 pomis
1065 2586 1287 2630 mercaris
1318 2586 1530 2631 amores!

558 2678 668 2722 huic
699 2679 807 2724 licet
838 2679 1042 2732 ingratae
1073 2679 1266 2733 Tityrus
1297 2680 1397 2734 ipse
1429 2690 1578 2727 canat.

489 2772 602 2816 felix
635 2773 859 2818 intactum
893 2773 1123 2827 Corydon
1156 2775 1237 2827 qui
1269 2784 1462 2828 temptat
1493 2776 1671 2822 Alexin

561 2867 789 2920 agricolae
820 2869 999 2913 domini
1030 2884 1224 2923 carpere
1257 2870 1476 2915 delicias!

359 2959 429 3004 75.
491 2961 706 3012 quamvis
739 2962 815 3007 ille
848 2977 931 3006 sua
961 2963 1106 3008 lassus
1137 2964 1399 3017 requiescat
1430 2980 1596 3017 avena,

359 3146 430 3191 81.

560 3055 775 3099 laudatur
804 3056 950 3101 facilis
981 3056 1103 3101 inter
1135 3057 1508 3111 Hamadryadas.

491 3163 586 3192 non
618 3157 775 3194 tamen
806 3150 922 3195 haec
953 3151 1034 3195 ulli
1066 3151 1260 3196 venient
1290 3152 1466 3206 ingrata
1497 3153 1681 3206 legenti,

560 3243 661 3288 sive
692 3244 740 3288 in
772 3260 932 3290 amore
963 3246 1092 3290 rudis
1123 3247 1223 3291 sive
1254 3247 1430 3300 peritus
1462 3247 1563 3292 erit.

410 3323 434 3369 ι)
483 3328 586 3362 Nolo
620 3329 718 3362 enim
753 3340 836 3363 cum
872 3330 1120 3371 Lachmanno,
1154 3343 1262 3371 quem
1297 3338 1445 3366 secutus
1478 3339 1535 3366 est
1570 3332 1721 3373 Hetze1‚
1749 3328 1937 3375 (Beitrage
1965 3333 2055 3369 1890
2082 3346 2114 3375 p.
2141 3332 2203 3377 35)

358 3398 488 3421 versus
513 3386 570 3421 83.
596 3387 642 3422 84
668 3395 751 3427 post
776 3400 924 3423 versum
952 3389 998 3424 66
1024 3397 1276 3430 transponere.

404 3441 435 3486 ²)
486 3441 622 3480 Postea
640 3447 717 3481 vidi
732 3448 805 3481 iam
821 3448 1068 3482 Ribbeckium
1082 3456 1120 3483 et
1134 3449 1474 3490 Heydenreiehium
1487 3461 1617 3485 versus
1631 3450 1739 3485 77-80
1765 3459 1849 3492 poet
1862 3452 1908 3487 66
1921 3454 2204 3494 transpoouiue.
