<?xml version="1.0" encoding="UTF-8"?>
<!DOCTYPE html PUBLIC "-//W3C//DTD XHTML 1.0 Transitional//EN"
    "http://www.w3.org/TR/xhtml1/DTD/xhtml1-transitional.dtd">
<html xmlns="http://www.w3.org/1999/xhtml" xml:lang="en" lang="en">
 <head>
  <title>
</title>
<meta http-equiv="Content-Type" content="text/html;charset=utf-8" />
  <meta name='ocr-system' content='tesseract 3.04.00' />
  <meta name='ocr-capabilities' content='ocr_page ocr_carea ocr_par ocr_line ocrx_word'/>
</head>
<body>
  <div class='ocr_page' id='page_1' title='image "./adpropertiicarmi00enkpuoft_0190.png"; bbox 0 0 2566 3886; ppageno 0'>
   <div class='ocr_carea' id='block_1_1' title="bbox 1129 261 1367 306">
    <p class='ocr_par' dir='ltr' id='par_1_1' title="bbox 1129 261 1367 306">
     <span class='ocr_line' id='line_1_1' title="bbox 1129 261 1367 306; baseline 0 0"><span class='ocrx_word' id='word_1_1' title='bbox 1129 261 1367 306; x_wconf 80' lang='lat'>-174—</span> 
     </span>
    </p>
   </div>
   <div class='ocr_carea' id='block_1_2' title="bbox 436 390 2153 446">
    <p class='ocr_par' dir='ltr' id='par_1_2' title="bbox 436 390 2153 446">
     <span class='ocr_line' id='line_1_2' title="bbox 436 390 2153 446; baseline 0.003 -11"><span class='ocrx_word' id='word_1_2' title='bbox 436 390 624 436; x_wconf 87' lang='lat' dir='ltr'><strong>Tunika</strong></span> <span class='ocrx_word' id='word_1_3' title='bbox 671 391 718 436; x_wconf 91' lang='lat' dir='ltr'><strong>in</strong></span> <span class='ocrx_word' id='word_1_4' title='bbox 752 391 844 436; x_wconf 90' lang='lat' dir='ltr'><strong>den</strong></span> <span class='ocrx_word' id='word_1_5' title='bbox 877 390 1076 444; x_wconf 91' lang='lat' dir='ltr'><strong>Tempel</strong></span> <span class='ocrx_word' id='word_1_6' title='bbox 1108 392 1194 437; x_wconf 89' lang='lat' dir='ltr'><strong>der</strong></span> <span class='ocrx_word' id='word_1_7' title='bbox 1224 391 1372 437; x_wconf 89' lang='lat' dir='ltr'><strong>Vesta</strong></span> <span class='ocrx_word' id='word_1_8' title='bbox 1412 392 1531 446; x_wconf 75' lang='lat' dir='ltr'><strong>ging,</strong></span> <span class='ocrx_word' id='word_1_9' title='bbox 1565 408 1643 438; x_wconf 92' lang='lat' dir='ltr'><strong>um</strong></span> <span class='ocrx_word' id='word_1_10' title='bbox 1677 394 1784 439; x_wconf 89' lang='lat' dir='ltr'><strong>dort</strong></span> <span class='ocrx_word' id='word_1_11' title='bbox 1813 393 1915 439; x_wconf 86' lang='lat' dir='ltr'><strong>ihre</strong></span> <span class='ocrx_word' id='word_1_12' title='bbox 1945 394 2153 441; x_wconf 62' lang='lat' dir='ltr'><strong>Trfiume</strong></span> 
     </span>
    </p>
   </div>
   <div class='ocr_carea' id='block_1_3' title="bbox 434 487 1953 538">
    <p class='ocr_par' dir='ltr' id='par_1_3' title="bbox 434 487 1953 538">
     <span class='ocr_line' id='line_1_3' title="bbox 434 487 1953 538; baseline 0.003 -7"><span class='ocrx_word' id='word_1_13' title='bbox 434 502 495 532; x_wconf 93' lang='lat' dir='ltr'><strong>zu</strong></span> <span class='ocrx_word' id='word_1_14' title='bbox 526 487 763 538; x_wconf 67' lang='lat' dir='ltr'><strong>erzahlen.</strong></span> <span class='ocrx_word' id='word_1_15' title='bbox 795 487 880 532; x_wconf 85' lang='lat' dir='ltr'><strong>auf</strong></span> <span class='ocrx_word' id='word_1_16' title='bbox 905 487 1011 532; x_wconf 88' lang='lat' dir='ltr'><strong>dass</strong></span> <span class='ocrx_word' id='word_1_17' title='bbox 1042 502 1130 532; x_wconf 88' lang='lat' dir='ltr'><strong>uns</strong></span> <span class='ocrx_word' id='word_1_18' title='bbox 1161 487 1332 532; x_wconf 86' lang='lat' dir='ltr'>beiden</span> <span class='ocrx_word' id='word_1_19' title='bbox 1365 487 1475 533; x_wconf 85' lang='lat' dir='ltr'><strong>kein</strong></span> <span class='ocrx_word' id='word_1_20' title='bbox 1508 488 1669 534; x_wconf 78' lang='lat' dir='ltr'><strong>Untall</strong></span> <span class='ocrx_word' id='word_1_21' title='bbox 1700 491 1953 535; x_wconf 89' lang='lat' dir='ltr'><strong>zustosse.”</strong></span> 
     </span>
    </p>
   </div>
   <div class='ocr_carea' id='block_1_4' title="bbox 300 675 1919 738">
    <p class='ocr_par' dir='ltr' id='par_1_4' title="bbox 300 675 1919 738">
     <span class='ocr_line' id='line_1_4' title="bbox 300 675 1919 738; baseline 0.002 -16"><span class='ocrx_word' id='word_1_22' title='bbox 300 675 372 722; x_wconf 74' lang='lat'><strong>30,</strong></span> <span class='ocrx_word' id='word_1_23' title='bbox 434 676 561 722; x_wconf 93' lang='lat' dir='ltr'><strong>Cum</strong></span> <span class='ocrx_word' id='word_1_24' title='bbox 595 677 650 722; x_wconf 92' lang='lat' dir='ltr'><strong>L.</strong></span> <span class='ocrx_word' id='word_1_25' title='bbox 684 677 923 723; x_wconf 88' lang='lat' dir='ltr'><strong>Muellero</strong></span> <span class='ocrx_word' id='word_1_26' title='bbox 955 678 1082 731; x_wconf 73' lang='lat' dir='ltr'><strong>lego:</strong></span> <span class='ocrx_word' id='word_1_27' title='bbox 1114 692 1175 723; x_wconf 92' lang='lat' dir='ltr'><strong>en</strong></span> <span class='ocrx_word' id='word_1_28' title='bbox 1207 686 1434 732; x_wconf 86' lang='lat' dir='ltr'><strong>quantum</strong></span> <span class='ocrx_word' id='word_1_29' title='bbox 1466 687 1554 725; x_wconf 91' lang='lat' dir='ltr'><strong>etc.</strong></span> <span class='ocrx_word' id='word_1_30' title='bbox 1586 693 1673 732; x_wconf 91' lang='lat' dir='ltr'><strong>pro</strong></span> <span class='ocrx_word' id='word_1_31' title='bbox 1704 680 1735 724; x_wconf 92' lang='lat' dir='ltr'>h</span> <span class='ocrx_word' id='word_1_32' title='bbox 1753 695 1780 725; x_wconf 93' lang='lat' dir='ltr'><strong>e</strong></span> <span class='ocrx_word' id='word_1_33' title='bbox 1796 696 1841 725; x_wconf 90' lang='lat' dir='ltr'><strong>u.</strong></span> <span class='ocrx_word' id='word_1_34' title='bbox 1878 677 1919 738; x_wconf 85' lang='lat' dir='ltr'><strong>l)</strong></span> 
     </span>
    </p>
   </div>
   <div class='ocr_carea' id='block_1_5' title="bbox 300 865 2159 1209">
    <p class='ocr_par' dir='ltr' id='par_1_5' title="bbox 300 865 2159 1209">
     <span class='ocr_line' id='line_1_5' title="bbox 300 865 1086 921; baseline 0.003 -10"><span class='ocrx_word' id='word_1_35' title='bbox 300 865 372 911; x_wconf 84' lang='lat'><strong>31.</strong></span> <span class='ocrx_word' id='word_1_36' title='bbox 435 866 562 912; x_wconf 92' lang='lat' dir='ltr'><strong>Cum</strong></span> <span class='ocrx_word' id='word_1_37' title='bbox 595 867 930 913; x_wconf 90' lang='lat' dir='ltr'><strong>Daventriensi</strong></span> <span class='ocrx_word' id='word_1_38' title='bbox 960 868 1086 921; x_wconf 74' lang='lat' dir='ltr'><strong>lege:</strong></span> 
     </span>
     <span class='ocr_line' id='line_1_6' title="bbox 584 962 1750 1017; baseline 0.002 -9"><span class='ocrx_word' id='word_1_39' title='bbox 584 962 630 1015; x_wconf 92' lang='lat' dir='ltr'><strong>Q</strong></span> <span class='ocrx_word' id='word_1_40' title='bbox 645 963 750 1009; x_wconf 89' lang='lat' dir='ltr'><strong>uid</strong></span> <span class='ocrx_word' id='word_1_41' title='bbox 781 972 831 1008; x_wconf 91' lang='lat' dir='ltr'><strong>tu</strong></span> <span class='ocrx_word' id='word_1_42' title='bbox 864 962 1132 1015; x_wconf 88' lang='lat' dir='ltr'><strong>matutinus,</strong></span> <span class='ocrx_word' id='word_1_43' title='bbox 1164 963 1239 1015; x_wconf 84' lang='lat' dir='ltr'><strong>ait,</strong></span> <span class='ocrx_word' id='word_1_44' title='bbox 1276 964 1541 1017; x_wconf 80' lang='lat' dir='ltr'><strong>speculator</strong></span> <span class='ocrx_word' id='word_1_45' title='bbox 1571 964 1750 1010; x_wconf 79' lang='lat' dir='ltr'>amicae</span> 
     </span>
     <span class='ocr_line' id='line_1_7' title="bbox 438 1056 2155 1117; baseline 0.002 -14"><span class='ocrx_word' id='word_1_46' title='bbox 438 1059 596 1112; x_wconf 84' lang='lat' dir='ltr'><strong>quod</strong></span> <span class='ocrx_word' id='word_1_47' title='bbox 642 1056 735 1116; x_wconf 92' lang='lat' dir='ltr'><strong>(sic</strong></span> <span class='ocrx_word' id='word_1_48' title='bbox 783 1058 1059 1104; x_wconf 87' lang='lat' dir='ltr'><strong>Phillimore</strong></span> <span class='ocrx_word' id='word_1_49' title='bbox 1102 1073 1211 1104; x_wconf 94' lang='lat' dir='ltr'><strong>cum</strong></span> <span class='ocrx_word' id='word_1_50' title='bbox 1254 1057 1304 1103; x_wconf 92' lang='lat' dir='ltr'>N</span> <span class='ocrx_word' id='word_1_51' title='bbox 1326 1058 1367 1103; x_wconf 92' lang='lat' dir='ltr'>F</span> <span class='ocrx_word' id='word_1_52' title='bbox 1386 1057 1454 1117; x_wconf 88' lang='lat' dir='ltr'><strong>L)</strong></span> <span class='ocrx_word' id='word_1_53' title='bbox 1486 1059 1675 1104; x_wconf 75' lang='lat' dir='ltr'><strong>defendi</strong></span> <span class='ocrx_word' id='word_1_54' title='bbox 1707 1060 1897 1114; x_wconf 88' lang='lat' dir='ltr'><strong>nequit;</strong></span> <span class='ocrx_word' id='word_1_55' title='bbox 1930 1061 2155 1107; x_wconf 88' lang='lat' dir='ltr'><strong>Italorum</strong></span> 
     </span>
     <span class='ocr_line' id='line_1_8' title="bbox 436 1153 2159 1209; baseline 0.002 -11"><span class='ocrx_word' id='word_1_56' title='bbox 436 1153 707 1199; x_wconf 89' lang='lat' dir='ltr'><strong>coniectura</strong></span> <span class='ocrx_word' id='word_1_57' title='bbox 753 1169 829 1207; x_wconf 89' lang='lat' dir='ltr'><strong>qu</strong></span> <span class='ocrx_word' id='word_1_58' title='bbox 844 1168 873 1199; x_wconf 97' lang='lat' dir='ltr'><strong>o</strong></span> <span class='ocrx_word' id='word_1_59' title='bbox 921 1162 980 1199; x_wconf 89' lang='lat' dir='ltr'><strong>tu</strong></span> <span class='ocrx_word' id='word_1_60' title='bbox 1027 1154 1168 1207; x_wconf 88' lang='lat' dir='ltr'><strong>paulo</strong></span> <span class='ocrx_word' id='word_1_61' title='bbox 1201 1154 1448 1200; x_wconf 88' lang='lat' dir='ltr'><strong>obscurior</strong></span> <span class='ocrx_word' id='word_1_62' title='bbox 1478 1164 1547 1199; x_wconf 91' lang='lat' dir='ltr'><strong>est</strong></span> <span class='ocrx_word' id='word_1_63' title='bbox 1579 1156 1670 1200; x_wconf 91' lang='lat' dir='ltr'><strong>hoc</strong></span> <span class='ocrx_word' id='word_1_64' title='bbox 1701 1156 1820 1208; x_wconf 91' lang='lat' dir='ltr'><strong>loco,</strong></span> <span class='ocrx_word' id='word_1_65' title='bbox 1851 1156 2001 1209; x_wconf 86' lang='lat' dir='ltr'><strong>possis</strong></span> <span class='ocrx_word' id='word_1_66' title='bbox 2031 1157 2159 1202; x_wconf 92' lang='lat' dir='ltr'><strong>enim</strong></span> 
     </span>
    </p>
   </div>
   <div class='ocr_carea' id='block_1_6' title="bbox 432 1247 955 1303">
    <p class='ocr_par' dir='ltr' id='par_1_6' title="bbox 432 1247 955 1303">
     <span class='ocr_line' id='line_1_9' title="bbox 432 1247 955 1303; baseline 0 -10"><span class='ocrx_word' id='word_1_67' title='bbox 432 1248 715 1302; x_wconf 75' lang='lat' dir='ltr'><strong>intelligere:</strong></span> <span class='ocrx_word' id='word_1_68' title='bbox 748 1264 844 1303; x_wconf 84' lang='lat' dir='ltr'><strong>quo</strong></span> <span class='ocrx_word' id='word_1_69' title='bbox 877 1247 955 1294; x_wconf 75' lang='lat' dir='ltr'><strong>is?</strong></span> 
     </span>
    </p>
   </div>
   <div class='ocr_carea' id='block_1_7' title="bbox 301 1437 2155 3114">
    <p class='ocr_par' dir='ltr' id='par_1_7' title="bbox 301 1437 1475 1495">
     <span class='ocr_line' id='line_1_10' title="bbox 301 1437 1475 1495; baseline 0.003 -13"><span class='ocrx_word' id='word_1_70' title='bbox 301 1437 371 1482; x_wconf 88' lang='grc'><strong>36.</strong></span> <span class='ocrx_word' id='word_1_71' title='bbox 434 1448 660 1491; x_wconf 75' lang='lat' dir='ltr'><strong>apparent</strong></span> <span class='ocrx_word' id='word_1_72' title='bbox 691 1454 786 1484; x_wconf 88' lang='lat' dir='ltr'><strong>non</strong></span> <span class='ocrx_word' id='word_1_73' title='bbox 819 1440 913 1484; x_wconf 89' lang='lat' dir='ltr'><strong>ulla</strong></span> <span class='ocrx_word' id='word_1_74' title='bbox 943 1448 1047 1484; x_wconf 92' lang='lat' dir='ltr'><strong>toro</strong></span> <span class='ocrx_word' id='word_1_75' title='bbox 1079 1439 1271 1493; x_wconf 83' lang='lat' dir='ltr'><strong>vestigia</strong></span> <span class='ocrx_word' id='word_1_76' title='bbox 1302 1455 1475 1495; x_wconf 88' lang='lat' dir='ltr'><strong>presso,</strong></span> 
     </span>
    </p>

    <p class='ocr_par' dir='ltr' id='par_1_8' title="bbox 431 1534 2155 1866">
     <span class='ocr_line' id='line_1_11' title="bbox 583 1534 1495 1588; baseline 0.002 -8"><span class='ocrx_word' id='word_1_77' title='bbox 583 1534 712 1588; x_wconf 75' lang='lat' dir='ltr'><strong>signa</strong></span> <span class='ocrx_word' id='word_1_78' title='bbox 742 1535 994 1581; x_wconf 88' lang='lat' dir='ltr'><strong>volutantis</strong></span> <span class='ocrx_word' id='word_1_79' title='bbox 1026 1551 1115 1581; x_wconf 91' lang='lat' dir='ltr'><strong>nec</strong></span> <span class='ocrx_word' id='word_1_80' title='bbox 1146 1535 1343 1582; x_wconf 89' lang='lat' dir='ltr'><strong>iacuisse</strong></span> <span class='ocrx_word' id='word_1_81' title='bbox 1374 1537 1495 1582; x_wconf 89' lang='lat' dir='ltr'><strong>duos</strong></span> 
     </span>
     <span class='ocr_line' id='line_1_12' title="bbox 434 1628 2155 1686; baseline 0.002 -12"><span class='ocrx_word' id='word_1_82' title='bbox 434 1628 510 1674; x_wconf 91' lang='lat' dir='ltr'><strong>Sic</strong></span> <span class='ocrx_word' id='word_1_83' title='bbox 526 1629 692 1683; x_wconf 77' lang='lat' dir='ltr'><strong>legitur</strong></span> <span class='ocrx_word' id='word_1_84' title='bbox 708 1630 756 1675; x_wconf 92' lang='lat' dir='ltr'><strong>in</strong></span> <span class='ocrx_word' id='word_1_85' title='bbox 788 1630 952 1676; x_wconf 91' lang='lat' dir='ltr'><strong>codice</strong></span> <span class='ocrx_word' id='word_1_86' title='bbox 981 1630 1327 1685; x_wconf 86' lang='lat' dir='ltr'><strong>Holkhamico;</strong></span> <span class='ocrx_word' id='word_1_87' title='bbox 1359 1633 1488 1686; x_wconf 86' lang='lat' dir='ltr'><strong>quod</strong></span> <span class='ocrx_word' id='word_1_88' title='bbox 1519 1631 1568 1677; x_wconf 95' lang='lat' dir='ltr'>N</span> <span class='ocrx_word' id='word_1_89' title='bbox 1585 1631 1625 1677; x_wconf 89' lang='lat' dir='ltr'>F</span> <span class='ocrx_word' id='word_1_90' title='bbox 1658 1633 1815 1686; x_wconf 76' lang='lat' dir='ltr'><strong>legunt</strong></span> <span class='ocrx_word' id='word_1_91' title='bbox 1846 1633 2155 1679; x_wconf 82' lang='lat' dir='ltr'><strong>voluntatis</strong></span> 
     </span>
     <span class='ocr_line' id='line_1_13' title="bbox 431 1723 1504 1783; baseline 0.003 -14"><span class='ocrx_word' id='word_1_92' title='bbox 431 1724 599 1770; x_wconf 88' lang='lat' dir='ltr'><strong>leviter</strong></span> <span class='ocrx_word' id='word_1_93' title='bbox 629 1734 902 1780; x_wconf 86' lang='lat' dir='ltr'><strong>corruptum</strong></span> <span class='ocrx_word' id='word_1_94' title='bbox 922 1723 965 1783; x_wconf 75' lang='lat'><strong>⁹)</strong></span> <span class='ocrx_word' id='word_1_95' title='bbox 996 1740 1099 1771; x_wconf 91' lang='lat' dir='ltr'><strong>esse</strong></span> <span class='ocrx_word' id='word_1_96' title='bbox 1129 1726 1330 1780; x_wconf 86' lang='lat' dir='ltr'><strong>quisque</strong></span> <span class='ocrx_word' id='word_1_97' title='bbox 1361 1726 1504 1772; x_wconf 88' lang='lat' dir='ltr'><strong>videt.</strong></span> 
     </span>
     <span class='ocr_line' id='line_1_14' title="bbox 433 1819 1247 1866; baseline 0.002 -2"><span class='ocrx_word' id='word_1_98' title='bbox 433 1819 748 1866; x_wconf 87' lang='lat' dir='ltr'><strong>Baehrensius</strong></span> <span class='ocrx_word' id='word_1_99' title='bbox 778 1820 967 1866; x_wconf 81' lang='lat' dir='ltr'><strong>Vahlen</strong></span> <span class='ocrx_word' id='word_1_100' title='bbox 999 1821 1247 1866; x_wconf 89' lang='lat' dir='ltr'><strong>Rothstein</strong></span> 
     </span>
    </p>

    <p class='ocr_par' dir='ltr' id='par_1_9' title="bbox 423 1916 2154 3114">
     <span class='ocr_line' id='line_1_15' title="bbox 584 1916 1498 1970; baseline 0.002 -10"><span class='ocrx_word' id='word_1_101' title='bbox 584 1916 713 1970; x_wconf 75' lang='lat' dir='ltr'><strong>signa</strong></span> <span class='ocrx_word' id='word_1_102' title='bbox 743 1916 995 1969; x_wconf 87' lang='lat' dir='ltr'><strong>voluptatis</strong></span> <span class='ocrx_word' id='word_1_103' title='bbox 1026 1931 1115 1962; x_wconf 89' lang='lat' dir='ltr'><strong>nec</strong></span> <span class='ocrx_word' id='word_1_104' title='bbox 1147 1916 1346 1962; x_wconf 89' lang='lat' dir='ltr'><strong>iacuisse</strong></span> <span class='ocrx_word' id='word_1_105' title='bbox 1378 1917 1498 1962; x_wconf 88' lang='lat' dir='ltr'><strong>duos</strong></span> 
     </span>
     <span class='ocr_line' id='line_1_16' title="bbox 432 2011 875 2065; baseline 0.002 -9"><span class='ocrx_word' id='word_1_106' title='bbox 432 2012 590 2065; x_wconf 74' lang='lat' dir='ltr'><strong>legunt</strong></span> <span class='ocrx_word' id='word_1_107' title='bbox 621 2027 730 2057; x_wconf 89' lang='lat' dir='ltr'><strong>cum</strong></span> <span class='ocrx_word' id='word_1_108' title='bbox 763 2011 875 2057; x_wconf 91' lang='lat' dir='ltr'><strong>DV.</strong></span> 
     </span>
     <span class='ocr_line' id='line_1_17' title="bbox 434 2105 2154 2166; baseline 0.002 -15"><span class='ocrx_word' id='word_1_109' title='bbox 434 2106 704 2157; x_wconf 89' lang='lat' dir='ltr'><strong>Quominus</strong></span> <span class='ocrx_word' id='word_1_110' title='bbox 750 2123 782 2152; x_wconf 91' lang='lat' dir='ltr'>v</span> <span class='ocrx_word' id='word_1_111' title='bbox 799 2108 859 2153; x_wconf 92' lang='lat' dir='ltr'><strong>ol</strong></span> <span class='ocrx_word' id='word_1_112' title='bbox 876 2123 907 2152; x_wconf 94' lang='lat' dir='ltr'><strong>u</strong></span> <span class='ocrx_word' id='word_1_113' title='bbox 925 2115 985 2152; x_wconf 88' lang='lat' dir='ltr'><strong>ta</strong></span> <span class='ocrx_word' id='word_1_114' title='bbox 1000 2123 1032 2152; x_wconf 93' lang='lat' dir='ltr'><strong>n</strong></span> <span class='ocrx_word' id='word_1_115' title='bbox 1048 2107 1136 2152; x_wconf 90' lang='lat' dir='ltr'><strong>tis</strong></span> <span class='ocrx_word' id='word_1_116' title='bbox 1181 2106 1260 2166; x_wconf 70' lang='grc' dir='ltr'><strong>(ε</strong></span> <span class='ocrx_word' id='word_1_117' title='bbox 1299 2105 1589 2166; x_wconf 89' lang='lat' dir='ltr'><strong>volutantes)</strong></span> <span class='ocrx_word' id='word_1_118' title='bbox 1635 2110 1855 2162; x_wconf 77' lang='lat' dir='ltr'><strong>legamus,</strong></span> <span class='ocrx_word' id='word_1_119' title='bbox 1887 2124 1973 2154; x_wconf 89' lang='lat' dir='ltr'><strong>nos</strong></span> <span class='ocrx_word' id='word_1_120' title='bbox 2004 2110 2154 2155; x_wconf 89' lang='lat' dir='ltr'><strong>deter-</strong></span> 
     </span>
     <span class='ocr_line' id='line_1_18' title="bbox 427 2202 2149 2257; baseline 0.002 -10"><span class='ocrx_word' id='word_1_121' title='bbox 427 2217 533 2247; x_wconf 90' lang='lat' dir='ltr'><strong>rere</strong></span> <span class='ocrx_word' id='word_1_122' title='bbox 588 2211 784 2247; x_wconf 91' lang='lat' dir='ltr'><strong>conatur</strong></span> <span class='ocrx_word' id='word_1_123' title='bbox 837 2202 1194 2256; x_wconf 75' lang='lat' dir='ltr'><strong>Hertzbergius,</strong></span> <span class='ocrx_word' id='word_1_124' title='bbox 1247 2203 1329 2256; x_wconf 86' lang='lat' dir='ltr'><strong>qui</strong></span> <span class='ocrx_word' id='word_1_125' title='bbox 1381 2203 1623 2248; x_wconf 90' lang='lat' dir='ltr'><strong>volutandi</strong></span> <span class='ocrx_word' id='word_1_126' title='bbox 1675 2204 1877 2250; x_wconf 86' lang='lat' dir='ltr'><strong>verbum</strong></span> <span class='ocrx_word' id='word_1_127' title='bbox 1924 2220 2149 2257; x_wconf 88' lang='lat' dir='ltr'><strong>pecorum</strong></span> 
     </span>
     <span class='ocr_line' id='line_1_19' title="bbox 428 2297 2150 2351; baseline 0.002 -9"><span class='ocrx_word' id='word_1_128' title='bbox 428 2298 583 2350; x_wconf 90' lang='lat' dir='ltr'><strong>potius</strong></span> <span class='ocrx_word' id='word_1_129' title='bbox 614 2297 820 2343; x_wconf 86' lang='lat' dir='ltr'>libidinis</span> <span class='ocrx_word' id='word_1_130' title='bbox 852 2313 994 2351; x_wconf 87' lang='lat' dir='ltr'><strong>quam</strong></span> <span class='ocrx_word' id='word_1_131' title='bbox 1026 2297 1271 2342; x_wconf 90' lang='lat' dir='ltr'><strong>hominum</strong></span> <span class='ocrx_word' id='word_1_132' title='bbox 1304 2312 1407 2342; x_wconf 90' lang='lat' dir='ltr'><strong>esse</strong></span> <span class='ocrx_word' id='word_1_133' title='bbox 1438 2307 1612 2350; x_wconf 90' lang='lat' dir='ltr'><strong>monet,</strong></span> <span class='ocrx_word' id='word_1_134' title='bbox 1627 2301 1747 2351; x_wconf 79' lang='lat' dir='ltr'><strong>nec,</strong></span> <span class='ocrx_word' id='word_1_135' title='bbox 1764 2300 1895 2344; x_wconf 89' lang='lat' dir='ltr'><strong>velut</strong></span> <span class='ocrx_word' id='word_1_136' title='bbox 1911 2298 2150 2345; x_wconf 89' lang='lat' dir='ltr'><strong>Graecum</strong></span> 
     </span>
     <span class='ocr_line' id='line_1_20' title="bbox 427 2391 2152 2448; baseline 0.002 -12"><span class='ocrx_word' id='word_1_137' title='bbox 427 2391 770 2447; x_wconf 75' lang='grc' dir='ltr'><strong><em>κυλινδεῖσθαι,</em></strong></span> <span class='ocrx_word' id='word_1_138' title='bbox 801 2394 862 2437; x_wconf 93' lang='lat' dir='ltr'><strong>de</strong></span> <span class='ocrx_word' id='word_1_139' title='bbox 893 2392 1163 2438; x_wconf 90' lang='lat' dir='ltr'><strong>hominibus</strong></span> <span class='ocrx_word' id='word_1_140' title='bbox 1194 2392 1409 2446; x_wconf 88' lang='lat' dir='ltr'><strong>usurpari</strong></span> <span class='ocrx_word' id='word_1_141' title='bbox 1441 2393 1530 2437; x_wconf 91' lang='lat' dir='ltr'><strong>nisi</strong></span> <span class='ocrx_word' id='word_1_142' title='bbox 1562 2394 1621 2437; x_wconf 89' lang='lat' dir='ltr'><strong>ad</strong></span> <span class='ocrx_word' id='word_1_143' title='bbox 1654 2393 1967 2447; x_wconf 87' lang='lat' dir='ltr'><strong>turpissimam</strong></span> <span class='ocrx_word' id='word_1_144' title='bbox 1991 2395 2152 2448; x_wconf 85' lang='lat' dir='ltr'><strong>nequi·</strong></span> 
     </span>
     <span class='ocr_line' id='line_1_21' title="bbox 425 2486 2148 2546; baseline 0 -12"><span class='ocrx_word' id='word_1_145' title='bbox 425 2489 536 2534; x_wconf 91' lang='lat' dir='ltr'><strong>tiam</strong></span> <span class='ocrx_word' id='word_1_146' title='bbox 569 2490 848 2541; x_wconf 86' lang='lat' dir='ltr'><strong>notandam;</strong></span> <span class='ocrx_word' id='word_1_147' title='bbox 881 2503 989 2534; x_wconf 90' lang='lat' dir='ltr'><strong>cum</strong></span> <span class='ocrx_word' id='word_1_148' title='bbox 1024 2488 1342 2542; x_wconf 74' lang='lat' dir='ltr'><strong>Hertzbergio</strong></span> <span class='ocrx_word' id='word_1_149' title='bbox 1372 2488 1481 2533; x_wconf 86' lang='lat' dir='ltr'><strong>facit</strong></span> <span class='ocrx_word' id='word_1_150' title='bbox 1512 2486 1730 2541; x_wconf 87' lang='lat' dir='ltr'><strong>Solbisky</strong></span> <span class='ocrx_word' id='word_1_151' title='bbox 1745 2487 1850 2546; x_wconf 94' lang='lat' dir='ltr'><strong>(De</strong></span> <span class='ocrx_word' id='word_1_152' title='bbox 1866 2487 1989 2534; x_wconf 91' lang='lat' dir='ltr'><strong>Cod.</strong></span> <span class='ocrx_word' id='word_1_153' title='bbox 2008 2489 2148 2542; x_wconf 90' lang='lat' dir='ltr'><strong>Prop.</strong></span> 
     </span>
     <span class='ocr_line' id='line_1_22' title="bbox 432 2581 2149 2641; baseline 0.001 -12"><span class='ocrx_word' id='word_1_154' title='bbox 432 2581 557 2641; x_wconf 90' lang='grc'>189).</span> <span class='ocrx_word' id='word_1_155' title='bbox 589 2584 657 2629; x_wconf 89' lang='lat' dir='ltr'><strong>At</strong></span> <span class='ocrx_word' id='word_1_156' title='bbox 687 2585 778 2629; x_wconf 92' lang='lat' dir='ltr'><strong>hoc</strong></span> <span class='ocrx_word' id='word_1_157' title='bbox 809 2592 1135 2637; x_wconf 73' lang='lat' dir='ltr'><strong>argumentum</strong></span> <span class='ocrx_word' id='word_1_158' title='bbox 1169 2583 1471 2638; x_wconf 73' lang='lat' dir='ltr'><strong>Hertzbergii</strong></span> <span class='ocrx_word' id='word_1_159' title='bbox 1488 2583 1579 2628; x_wconf 92' lang='lat' dir='ltr'><strong>iam</strong></span> <span class='ocrx_word' id='word_1_160' title='bbox 1602 2582 1914 2629; x_wconf 88' lang='lat' dir='ltr'><strong>Baehrensius</strong></span> <span class='ocrx_word' id='word_1_161' title='bbox 1930 2584 2149 2630; x_wconf 86' lang='lat' dir='ltr'><strong>refutavit</strong></span> 
     </span>
     <span class='ocr_line' id='line_1_23' title="bbox 427 2677 2147 2733; baseline 0 -9"><span class='ocrx_word' id='word_1_162' title='bbox 427 2679 707 2725; x_wconf 87' lang='lat' dir='ltr'><strong>scribendo:</strong></span> <span class='ocrx_word' id='word_1_163' title='bbox 755 2694 785 2724; x_wconf 90' lang='lat' dir='ltr'>v</span> <span class='ocrx_word' id='word_1_164' title='bbox 803 2694 832 2725; x_wconf 93' lang='lat' dir='ltr'><strong>o</strong></span> <span class='ocrx_word' id='word_1_165' title='bbox 849 2680 863 2724; x_wconf 96' lang='lat' dir='ltr'><strong>l</strong></span> <span class='ocrx_word' id='word_1_166' title='bbox 880 2695 911 2724; x_wconf 95' lang='lat' dir='ltr'><strong>u</strong></span> <span class='ocrx_word' id='word_1_167' title='bbox 927 2688 1035 2724; x_wconf 91' lang='lat' dir='ltr'><strong>tan</strong></span> <span class='ocrx_word' id='word_1_168' title='bbox 1052 2688 1113 2724; x_wconf 90' lang='lat' dir='ltr'><strong>te</strong></span> <span class='ocrx_word' id='word_1_169' title='bbox 1129 2694 1151 2724; x_wconf 91' lang='lat' dir='ltr'><strong>s</strong></span> <span class='ocrx_word' id='word_1_170' title='bbox 1188 2679 1269 2733; x_wconf 83' lang='lat' dir='ltr'><strong>qui</strong></span> <span class='ocrx_word' id='word_1_171' title='bbox 1302 2677 1538 2732; x_wconf 86' lang='lat' dir='ltr'><strong>Cynthiae</strong></span> <span class='ocrx_word' id='word_1_172' title='bbox 1568 2679 1638 2723; x_wconf 93' lang='lat' dir='ltr'><strong>ori</strong></span> <span class='ocrx_word' id='word_1_173' title='bbox 1671 2679 1928 2724; x_wconf 90' lang='lat' dir='ltr'><strong>convenire</strong></span> <span class='ocrx_word' id='word_1_174' title='bbox 1965 2689 2147 2733; x_wconf 77' lang='lat' dir='ltr'><strong>negant,</strong></span> 
     </span>
     <span class='ocr_line' id='line_1_24' title="bbox 426 2773 1414 2828; baseline -0.002 -8"><span class='ocrx_word' id='word_1_175' title='bbox 426 2789 531 2820; x_wconf 90' lang='lat' dir='ltr'><strong>eam</strong></span> <span class='ocrx_word' id='word_1_176' title='bbox 563 2774 868 2827; x_wconf 83' lang='lat' dir='ltr'><strong>contemptim</strong></span> <span class='ocrx_word' id='word_1_177' title='bbox 900 2773 1028 2828; x_wconf 88' lang='lat' dir='ltr'><strong>loqui</strong></span> <span class='ocrx_word' id='word_1_178' title='bbox 1060 2773 1414 2820; x_wconf 86' lang='lat' dir='ltr'><strong>obliviscuntur.</strong></span> 
     </span>
     <span class='ocr_line' id='line_1_25' title="bbox 427 2868 2145 2923; baseline 0 -8"><span class='ocrx_word' id='word_1_179' title='bbox 427 2869 486 2915; x_wconf 92' lang='lat' dir='ltr'><strong>Et</strong></span> <span class='ocrx_word' id='word_1_180' title='bbox 532 2870 744 2922; x_wconf 86' lang='lat' dir='ltr'><strong>profecto</strong></span> <span class='ocrx_word' id='word_1_181' title='bbox 791 2885 886 2915; x_wconf 91' lang='lat' dir='ltr'><strong>non</strong></span> <span class='ocrx_word' id='word_1_182' title='bbox 934 2869 1090 2921; x_wconf 80' lang='lat' dir='ltr'><strong>viden,</strong></span> <span class='ocrx_word' id='word_1_183' title='bbox 1137 2884 1223 2915; x_wconf 89' lang='lat' dir='ltr'><strong>cur</strong></span> <span class='ocrx_word' id='word_1_184' title='bbox 1260 2868 1559 2923; x_wconf 81' lang='lat' dir='ltr'><strong>Neapolitani</strong></span> <span class='ocrx_word' id='word_1_185' title='bbox 1591 2869 1728 2915; x_wconf 90' lang='lat' dir='ltr'><strong>lectio</strong></span> <span class='ocrx_word' id='word_1_186' title='bbox 1762 2895 1815 2900; x_wconf 92' lang='lat'><strong>—</strong></span> <span class='ocrx_word' id='word_1_187' title='bbox 1849 2870 2016 2915; x_wconf 90' lang='lat' dir='ltr'><strong>leviter</strong></span> <span class='ocrx_word' id='word_1_188' title='bbox 2046 2885 2145 2915; x_wconf 90' lang='lat' dir='ltr'><strong>cor-</strong></span> 
     </span>
     <span class='ocr_line' id='line_1_26' title="bbox 423 2964 1036 3010; baseline 0.002 -1"><span class='ocrx_word' id='word_1_189' title='bbox 423 2973 551 3009; x_wconf 92' lang='lat' dir='ltr'><strong>recta</strong></span> <span class='ocrx_word' id='word_1_190' title='bbox 581 2989 641 2996; x_wconf 85' lang='lat'>—</span> <span class='ocrx_word' id='word_1_191' title='bbox 671 2965 935 3010; x_wconf 86' lang='lat' dir='ltr'><strong>deserenda</strong></span> <span class='ocrx_word' id='word_1_192' title='bbox 965 2964 1036 3009; x_wconf 83' lang='lat' dir='ltr'><strong>sit.</strong></span> 
     </span>
     <span class='ocr_line' id='line_1_27' title="bbox 426 3058 2145 3114; baseline 0 -9"><span class='ocrx_word' id='word_1_193' title='bbox 426 3058 692 3105; x_wconf 90' lang='lat' dir='ltr'><strong>Sententiae</strong></span> <span class='ocrx_word' id='word_1_194' title='bbox 738 3059 1023 3105; x_wconf 84' lang='lat' dir='ltr'><strong>constructio</strong></span> <span class='ocrx_word' id='word_1_195' title='bbox 1069 3060 1186 3105; x_wconf 89' lang='lat' dir='ltr'><strong>haec</strong></span> <span class='ocrx_word' id='word_1_196' title='bbox 1232 3070 1329 3105; x_wconf 86' lang='lat' dir='ltr'><strong>est:</strong></span> <span class='ocrx_word' id='word_1_197' title='bbox 1376 3060 1504 3105; x_wconf 85' lang='lat' dir='ltr'><strong>nulla</strong></span> <span class='ocrx_word' id='word_1_198' title='bbox 1549 3069 1773 3113; x_wconf 86' lang='lat' dir='ltr'><strong>apparent</strong></span> <span class='ocrx_word' id='word_1_199' title='bbox 1820 3059 2011 3114; x_wconf 78' lang='lat' dir='ltr'><strong>vestigia</strong></span> <span class='ocrx_word' id='word_1_200' title='bbox 2041 3069 2145 3105; x_wconf 88' lang='lat' dir='ltr'><strong>toro</strong></span> 
     </span>
    </p>
   </div>
   <div class='ocr_carea' id='block_1_8' title="bbox 424 3155 1560 3209">
    <p class='ocr_par' dir='ltr' id='par_1_10' title="bbox 424 3155 1560 3209">
     <span class='ocr_line' id='line_1_28' title="bbox 424 3155 1560 3209; baseline -0.001 -9"><span class='ocrx_word' id='word_1_201' title='bbox 424 3169 600 3208; x_wconf 87' lang='lat' dir='ltr'><strong>presso,</strong></span> <span class='ocrx_word' id='word_1_202' title='bbox 634 3170 723 3201; x_wconf 91' lang='lat' dir='ltr'><strong>nec</strong></span> <span class='ocrx_word' id='word_1_203' title='bbox 755 3155 884 3209; x_wconf 75' lang='lat' dir='ltr'><strong>signa</strong></span> <span class='ocrx_word' id='word_1_204' title='bbox 915 3155 1168 3201; x_wconf 85' lang='lat' dir='ltr'><strong>volutantis</strong></span> <span class='ocrx_word' id='word_1_205' title='bbox 1199 3156 1319 3201; x_wconf 88' lang='lat' dir='ltr'><strong>duos</strong></span> <span class='ocrx_word' id='word_1_206' title='bbox 1350 3155 1560 3201; x_wconf 89' lang='lat' dir='ltr'><strong>iacuisse.</strong></span> 
     </span>
    </p>
   </div>
   <div class='ocr_carea' id='block_1_9' title="bbox 294 3251 578 3257">
    <p class='ocr_par' dir='ltr' id='par_1_11' title="bbox 294 3251 578 3257">
     <span class='ocr_line' id='line_1_29' title="bbox 294 3251 578 3257; baseline 0 0"><span class='ocrx_word' id='word_1_207' title='bbox 294 3251 578 3257; x_wconf 95' lang='lat' dir='ltr'><strong> </strong></span> 
     </span>
    </p>
   </div>
   <div class='ocr_carea' id='block_1_10' title="bbox 290 3308 2143 3500">
    <p class='ocr_par' dir='ltr' id='par_1_12' title="bbox 290 3308 2143 3500">
     <span class='ocr_line' id='line_1_30' title="bbox 341 3308 1469 3354; baseline 0.001 -7"><span class='ocrx_word' id='word_1_208' title='bbox 341 3308 372 3354; x_wconf 87' lang='lat'><strong>¹)</strong></span> <span class='ocrx_word' id='word_1_209' title='bbox 421 3313 467 3347; x_wconf 68' lang='grc' dir='ltr'><strong>οἱ.</strong></span> <span class='ocrx_word' id='word_1_210' title='bbox 493 3312 559 3347; x_wconf 82' lang='lat' dir='ltr'><strong>lv.</strong></span> <span class='ocrx_word' id='word_1_211' title='bbox 587 3313 618 3354; x_wconf 86' lang='lat'><strong>1.</strong></span> <span class='ocrx_word' id='word_1_212' title='bbox 644 3313 702 3354; x_wconf 82' lang='lat'><strong>4⁰,</strong></span> <span class='ocrx_word' id='word_1_213' title='bbox 727 3314 790 3348; x_wconf 87' lang='lat' dir='ltr'><strong>ubi</strong></span> <span class='ocrx_word' id='word_1_214' title='bbox 815 3325 883 3354; x_wconf 84' lang='lat' dir='ltr'><strong>pro</strong></span> <span class='ocrx_word' id='word_1_215' title='bbox 909 3315 1004 3348; x_wconf 80' lang='lat' dir='ltr'><strong>heu</strong></span> <span class='ocrx_word' id='word_1_216' title='bbox 1026 3314 1109 3349; x_wconf 78' lang='lat' dir='ltr'><strong>Itali</strong></span> <span class='ocrx_word' id='word_1_217' title='bbox 1134 3324 1193 3348; x_wconf 81' lang='grc' dir='ltr'><strong>οιι</strong></span> <span class='ocrx_word' id='word_1_218' title='bbox 1218 3314 1469 3349; x_wconf 75' lang='lat' dir='ltr'><strong>coniecerunt.</strong></span> 
     </span>
     <span class='ocr_line' id='line_1_31' title="bbox 338 3379 2143 3426; baseline -0.001 -8"><span class='ocrx_word' id='word_1_219' title='bbox 338 3379 371 3425; x_wconf 80' lang='lat'><strong>²)</strong></span> <span class='ocrx_word' id='word_1_220' title='bbox 420 3385 549 3418; x_wconf 81' lang='lat' dir='ltr'><strong>eadem</strong></span> <span class='ocrx_word' id='word_1_221' title='bbox 576 3386 787 3425; x_wconf 77' lang='lat' dir='ltr'><strong>corruptela</strong></span> <span class='ocrx_word' id='word_1_222' title='bbox 812 3385 999 3421; x_wconf 79' lang='lat' dir='ltr'><strong>invenitur</strong></span> <span class='ocrx_word' id='word_1_223' title='bbox 1023 3385 1106 3420; x_wconf 75' lang='lat' dir='ltr'><strong>Sen-</strong></span> <span class='ocrx_word' id='word_1_224' title='bbox 1132 3386 1226 3420; x_wconf 77' lang='lat' dir='ltr'><strong>rhet.</strong></span> <span class='ocrx_word' id='word_1_225' title='bbox 1252 3397 1286 3426; x_wconf 82' lang='lat' dir='ltr'><strong>p.</strong></span> <span class='ocrx_word' id='word_1_226' title='bbox 1310 3384 1404 3420; x_wconf 81' lang='lat'><em>87.7</em></span> <span class='ocrx_word' id='word_1_227' title='bbox 1431 3384 1481 3419; x_wconf 69' lang='lat' dir='ltr'><strong>Ka</strong></span> <span class='ocrx_word' id='word_1_228' title='bbox 1507 3384 1888 3420; x_wconf 72' lang='lat' dir='ltr'><strong>volunt-tione</strong></span> <span class='ocrx_word' id='word_1_229' title='bbox 1918 3394 1984 3424; x_wconf 87' lang='lat' dir='ltr'><strong>pro</strong></span> <span class='ocrx_word' id='word_1_230' title='bbox 2009 3384 2143 3418; x_wconf 85' lang='lat' dir='ltr'><strong>volu·</strong></span> 
     </span>
     <span class='ocr_line' id='line_1_32' title="bbox 290 3453 1111 3500; baseline 0.002 -10"><span class='ocrx_word' id='word_1_231' title='bbox 290 3463 305 3490; x_wconf 82' lang='lat' dir='ltr'><strong>t</strong></span> <span class='ocrx_word' id='word_1_232' title='bbox 319 3467 340 3489; x_wconf 78' lang='grc' dir='ltr'>ι</span> <span class='ocrx_word' id='word_1_233' title='bbox 354 3463 368 3490; x_wconf 85' lang='lat' dir='ltr'><strong>t</strong></span> <span class='ocrx_word' id='word_1_234' title='bbox 383 3456 395 3490; x_wconf 90' lang='lat' dir='ltr'><strong>i</strong></span> <span class='ocrx_word' id='word_1_235' title='bbox 408 3467 431 3490; x_wconf 90' lang='grc' dir='ltr'><strong>ο</strong></span> <span class='ocrx_word' id='word_1_236' title='bbox 445 3468 469 3490; x_wconf 85' lang='lat' dir='ltr'><strong>n</strong></span> <span class='ocrx_word' id='word_1_237' title='bbox 482 3467 515 3491; x_wconf 78' lang='lat' dir='ltr'><strong>c.</strong></span> <span class='ocrx_word' id='word_1_238' title='bbox 541 3453 667 3499; x_wconf 86' lang='lat' dir='ltr'><strong>(Otto,</strong></span> <span class='ocrx_word' id='word_1_239' title='bbox 695 3457 868 3499; x_wconf 71' lang='lat' dir='ltr'><strong>Hermen,</strong></span> <span class='ocrx_word' id='word_1_240' title='bbox 893 3458 951 3492; x_wconf 76' lang='lat'><strong>23.</strong></span> <span class='ocrx_word' id='word_1_241' title='bbox 978 3469 1011 3498; x_wconf 78' lang='lat' dir='ltr'><strong>p.</strong></span> <span class='ocrx_word' id='word_1_242' title='bbox 1037 3453 1111 3500; x_wconf 81' lang='lat'>³7).</span> 
     </span>
    </p>
   </div>
  </div>
 </body>
</html>
