2566 3886
345 957 413 1002 16.

341 1799 412 1844 23.

339 3010 411 3055 25.

1154 256 1389 302 -17-

476 388 642 441 gaudia
685 404 891 434 venerea
906 387 948 446 1)
994 390 1084 441 hic,
1131 390 1212 435 ubi
1258 399 1362 442 post
1405 406 1473 435 vs.
1509 390 1560 435 ll
1595 392 1655 436 de
1687 392 1796 436 solis
1827 392 1970 437 animi
2002 392 2189 437 dotibus

477 492 649 536 agatur,
696 486 1055 530 commemorari
1098 500 1289 537 prorsus
1332 485 1561 530 absonum
1594 501 1696 531 esse
1728 487 1860 531 nihili
1891 487 2023 532 facio.
2056 503 2101 532 v.
2136 487 2191 532 13

476 578 602 622 enim
650 579 962 633 ingenuus
1007 581 1182 626 color
1227 596 1323 625 non
1370 581 1504 625 facile
1535 581 1657 626 inter
1686 582 1830 626 animi
1862 583 1995 628 dotes
2026 583 2189 628 haberi

477 682 641 725 potest.
688 673 909 720 Tacita
949 684 1119 728 autem,
1151 677 1279 728 quod
1311 675 1596 721 vocabulum
1630 676 1901 729 Propertius
1933 678 1980 722 in
1998 679 2190 731 deliciis,

476 767 615 812 habet
652 770 828 821 optime
865 770 1073 814 defendit
1106 770 1440 815 Rothsteinius.

475 959 589 1004 hoc
618 960 808 1012 magis
840 968 1097 1012 accepta
1126 960 1299 1005 fallit
1329 969 1600 1014 uterque
1632 962 1762 1006 fide
1784 962 2006 1015 equidem
2034 963 2190 1008 defen-

476 1054 609 1106 dam;
656 1054 1013 1106 explicationem
1063 1055 1343 1100 Rothsteinii
1389 1071 1483 1108 qua
1512 1066 1774 1109 accepta
1804 1058 2191 1102 annehmbar

476 1149 614 1193 vertit
644 1149 702 1194 ab
734 1150 823 1194 hoc
855 1151 959 1194 loco
991 1150 1189 1195 alienam
1221 1159 1348 1202 puto.
1372 1150 1546 1195 Totum
1564 1152 1719 1196 locum
1738 1152 1804 1196 sic
1820 1152 2047 1205 intelligo:
2066 1168 2190 1205 „quo

475 1244 618 1297 magis
674 1245 857 1290 conaris
913 1254 1124 1290 nostrum
1182 1260 1391 1290 amorem
1449 1227 1685 1298 dirimere,
1741 1262 1799 1292 eo
1855 1248 1998 1300 magis
2050 1247 2190 1292 ambo

474 1347 579 1384 tuos
613 1340 890 1385 frustramur
930 1349 1138 1392 conatus,
1180 1340 1273 1384 fide
1314 1341 1568 1393 reciproca,
1610 1341 1682 1386 i.e.
1715 1357 1823 1386 cum
1856 1343 1972 1387 alter
2002 1342 2190 1387 alterius

474 1433 613 1478 fidem
647 1435 879 1487 acceperit
910 1450 1051 1488 quam
1083 1444 1318 1487 praestare
1350 1435 1554 1480 officium
1587 1437 1758 1481 ducit'’.

474 1527 521 1573 Si
553 1529 600 1573 in
632 1530 759 1575 hunc
790 1531 984 1575 modum
1017 1531 1391 1584 interpretamur,
1410 1531 1628 1584 Postgatii
1644 1532 1914 1577 coniectura
1947 1532 2188 1585 astricta,

473 1638 595 1676 quae
626 1625 779 1676 primo
810 1635 999 1678 aspectu
1032 1641 1146 1671 vera
1176 1626 1378 1678 videtur,
1410 1641 1571 1671 carere
1602 1642 1864 1679 possumus.

474 1800 643 1847 Nullas
689 1803 766 1847 illa
811 1803 906 1847 suis
952 1812 1221 1848 contemnet
1266 1804 1451 1849 fletibus
1496 1820 1598 1850 aras

593 1905 639 1941 et
669 1898 958 1950 quicumque
989 1913 1134 1951 sacer,
1166 1899 1315 1951 qualis
1346 1899 1537 1952 ubique,
1570 1901 1699 1953 lapis.

476 1989 711 2036 Hoesttius
758 2007 845 2045 pro
890 2002 948 2038 et
994 2008 1135 2038 versu
1182 1994 1239 2038 24
1272 2010 1381 2039 nec
1413 1995 1568 2048 legere
1599 1996 1761 2047 voluit,
1794 1997 1923 2049 quod
1956 1996 2188 2049 Postgatio

473 2100 664 2138 quoque
709 2087 882 2139 placuit
925 2085 1047 2145 (vid.
1096 2089 1350 2134 editionem
1398 2090 1498 2134 eius
1547 2087 1717 2147 1894);
1764 2091 1846 2135 sed
1894 2099 2021 2135 recte
2058 2099 2187 2144 putat

475 2180 795 2227 Rothsteinius
827 2184 1036 2228 nullas
1067 2199 1205 2229 aras
1235 2193 1602 2230 contemnet
1628 2185 1755 2230 idem
1773 2186 2030 2239 significare
2047 2195 2187 2240 atque

475 2278 684 2309 omnes
730 2280 869 2310 aras
917 2267 1219 2319 precibus
1266 2268 1483 2320 adibit,
1530 2277 1576 2313 et
1607 2269 1673 2313 sic
1712 2278 1839 2314 recte
1870 2270 2082 2322 sequitur
2114 2279 2185 2315 et.

474 2357 695 2404 Conferri
726 2369 878 2414 potest
909 2361 945 2405 Ι.
977 2360 1019 2405 2.
1051 2360 1135 2405 29:

590 2456 728 2500 unica
759 2471 847 2500 nec
879 2457 997 2501 desit
1027 2454 1106 2513 (=
1137 2455 1281 2515 adsit)
1312 2458 1529 2503 ineundis
1545 2459 1686 2512 gratia
1703 2460 1860 2504 verbis

708 2551 866 2595 omnia
894 2567 1135 2604 quaeque
1166 2552 1334 2597 Venus
1366 2568 1583 2606 quaeque
1616 2554 1840 2600 Minerva
1871 2556 2050 2608 probat.

472 2644 552 2689 Ad
598 2645 726 2689 hunc
771 2646 927 2690 locum
973 2647 1062 2691 alia
1107 2662 1298 2699 quoque
1345 2649 1561 2701 exempla
1604 2650 1743 2694 huius
1789 2665 1901 2695 usus
1940 2651 2031 2703 dat,
2064 2667 2185 2703 quae

470 2748 627 2784 tamen
659 2755 686 2785 a
714 2749 874 2785 nostro
906 2742 1010 2786 loco
1043 2742 1194 2787 aliena
1225 2743 1377 2787 duco:
1422 2743 1480 2787 cf.
1513 2759 1635 2796 quae
1656 2746 1715 2789 ad
1733 2746 1769 2789 Ι.
1790 2745 1858 2790 16.
1876 2746 1944 2798 11,
1963 2746 2048 2791 IV.
2071 2746 2183 2790 1.17

473 2835 815 2880 annotavimus.

472 3026 568 3056 non
600 3013 696 3056 ullo
727 3013 913 3065 gravius
944 3022 1195 3066 temptatur
1227 3014 1435 3066 Cynthia
1466 3015 1654 3066 damno,

587 3121 729 3158 quam
761 3107 848 3151 sibi
879 3123 988 3152 cum
1020 3117 1152 3161 rapto
1184 3117 1332 3153 cessat
1362 3123 1522 3152 amore
1554 3109 1671 3152 deus

388 3221 417 3266 ¹)
469 3225 672 3265 Epistulam
710 3226 874 3267 Sapphus
912 3223 1087 3271 (31-50)
1125 3231 1274 3262 easdem
1311 3236 1486 3269 quattuor
1524 3240 1582 3262 res
1619 3230 1750 3262 eodem
1786 3230 1914 3269 ordine
1949 3240 2183 3264 enumerare:

339 3295 546 3336 sormam,
594 3297 779 3338 faciem,
827 3305 969 3338 artes,
1022 3310 1140 3338 opus
1186 3299 1385 3332 Amoris
1440 3306 1540 3332 recte
1586 3300 1761 3333 observat
1809 3300 2023 3341 Risbergius
2051 3298 2101 3343 (p.
2134 3297 2185 3343 3).

339 3364 593 3405 supervacuae
607 3367 717 3408 igitur
731 3368 966 3402 coniecturae
981 3377 1086 3403 sunt:
1112 3380 1132 3403 c
1142 3370 1216 3403 alo
1228 3381 1246 3402 ι·
1271 3365 1458 3412 (Jacobus)
1475 3381 1540 3409 pro
1565 3381 1584 3403 c
1596 3371 1675 3404 olo
1688 3382 1705 3403 r
1716 3382 1724 3411 ;
1751 3371 1762 3403 i
1774 3383 1797 3403 n
1806 3377 1826 3412 g
1838 3383 1857 3404 e
1870 3371 1947 3404 niu
1960 3383 1994 3405 m
2021 3383 2040 3405 c
2051 3372 2125 3406 ele
2137 3384 2182 3405 re

338 3432 548 3479 (Richards,
574 3436 655 3471 CR.
680 3437 771 3478 Xlll,
798 3450 831 3477 p.
859 3435 918 3480 15)
944 3451 1011 3479 pro
1046 3440 1094 3473 in
1104 3445 1124 3480 g
1135 3451 1156 3474 c
1166 3452 1190 3473 n
1199 3451 1222 3472 u
1231 3451 1254 3473 u
1266 3451 1282 3473 a
1319 3451 1338 3473 c
1349 3452 1372 3474 o
1385 3441 1396 3473 l
1407 3452 1429 3475 ο
1441 3452 1478 3481 1¹3
1513 3441 1559 3474 cs.
1587 3441 1737 3475 Petrou.
1762 3452 1819 3481 ep.
1845 3441 1901 3475 47.
1928 3442 1948 3475 7
1975 3443 2111 3476 Buech.

2087 3510 2111 3547 2

448 3629 463 3656 N
