<?xml version="1.0" encoding="UTF-8"?>
<!DOCTYPE html PUBLIC "-//W3C//DTD XHTML 1.0 Transitional//EN"
    "http://www.w3.org/TR/xhtml1/DTD/xhtml1-transitional.dtd">
<html xmlns="http://www.w3.org/1999/xhtml" xml:lang="en" lang="en">
 <head>
  <title>
</title>
<meta http-equiv="Content-Type" content="text/html;charset=utf-8" />
  <meta name='ocr-system' content='tesseract 3.04.00' />
  <meta name='ocr-capabilities' content='ocr_page ocr_carea ocr_par ocr_line ocrx_word'/>
</head>
<body>
  <div class='ocr_page' id='page_1' title='image "./adpropertiicarmi00enkpuoft_0168.png"; bbox 0 0 2566 3886; ppageno 0'>
   <div class='ocr_carea' id='block_1_1' title="bbox 1107 243 1374 290">
    <p class='ocr_par' dir='ltr' id='par_1_1' title="bbox 1107 243 1374 290">
     <span class='ocr_line' id='line_1_1' title="bbox 1107 243 1374 290; baseline 0 -1"><span class='ocrx_word' id='word_1_1' title='bbox 1107 243 1374 290; x_wconf 87' lang='lat'>—152—</span> 
     </span>
    </p>
   </div>
   <div class='ocr_carea' id='block_1_2' title="bbox 439 375 2162 2811">
    <p class='ocr_par' dir='ltr' id='par_1_2' title="bbox 442 375 2162 1862">
     <span class='ocr_line' id='line_1_2' title="bbox 684 375 1589 428; baseline 0.002 -9"><span class='ocrx_word' id='word_1_2' title='bbox 684 382 730 420; x_wconf 90' lang='lat' dir='ltr'><strong>et</strong></span> <span class='ocrx_word' id='word_1_3' title='bbox 761 375 905 420; x_wconf 91' lang='lat' dir='ltr'><strong>modo</strong></span> <span class='ocrx_word' id='word_1_4' title='bbox 936 383 1122 420; x_wconf 90' lang='lat' dir='ltr'><strong>servato</strong></span> <span class='ocrx_word' id='word_1_5' title='bbox 1153 375 1251 420; x_wconf 89' lang='lat' dir='ltr'><strong>sola</strong></span> <span class='ocrx_word' id='word_1_6' title='bbox 1281 375 1442 421; x_wconf 85' lang='lat' dir='ltr'><strong>relicta</strong></span> <span class='ocrx_word' id='word_1_7' title='bbox 1471 375 1589 428; x_wconf 84' lang='lat' dir='ltr'><strong>viro.</strong></span> 
     </span>
     <span class='ocr_line' id='line_1_3' title="bbox 447 469 2162 524; baseline 0.002 -10"><span class='ocrx_word' id='word_1_8' title='bbox 447 470 576 522; x_wconf 87' lang='lat' dir='ltr'><strong>quod</strong></span> <span class='ocrx_word' id='word_1_9' title='bbox 623 469 689 515; x_wconf 86' lang='lat' dir='ltr'><strong>sie</strong></span> <span class='ocrx_word' id='word_1_10' title='bbox 735 470 959 523; x_wconf 86' lang='lat' dir='ltr'><strong>explieat:</strong></span> <span class='ocrx_word' id='word_1_11' title='bbox 1007 478 1077 515; x_wconf 90' lang='lat' dir='ltr'><strong>est</strong></span> <span class='ocrx_word' id='word_1_12' title='bbox 1122 470 1205 515; x_wconf 90' lang='lat' dir='ltr'><strong>tibi</strong></span> <span class='ocrx_word' id='word_1_13' title='bbox 1252 479 1430 523; x_wconf 88' lang='lat' dir='ltr'><strong>votum,</strong></span> <span class='ocrx_word' id='word_1_14' title='bbox 1474 470 1619 516; x_wconf 90' lang='lat' dir='ltr'><strong>habes</strong></span> <span class='ocrx_word' id='word_1_15' title='bbox 1650 471 1778 524; x_wconf 88' lang='lat' dir='ltr'><strong>quod</strong></span> <span class='ocrx_word' id='word_1_16' title='bbox 1809 479 1941 524; x_wconf 89' lang='lat' dir='ltr'><strong>optas</strong></span> <span class='ocrx_word' id='word_1_17' title='bbox 1972 471 2020 517; x_wconf 89' lang='lat' dir='ltr'><strong>in</strong></span> <span class='ocrx_word' id='word_1_18' title='bbox 2052 473 2162 517; x_wconf 91' lang='lat' dir='ltr'><strong>navi</strong></span> 
     </span>
     <span class='ocr_line' id='line_1_4' title="bbox 447 564 2161 620; baseline 0.002 -10"><span class='ocrx_word' id='word_1_19' title='bbox 447 564 652 617; x_wconf 87' lang='lat' dir='ltr'><strong>Iasonis;</strong></span> <span class='ocrx_word' id='word_1_20' title='bbox 675 565 758 610; x_wconf 90' lang='lat' dir='ltr'><strong>sed</strong></span> <span class='ocrx_word' id='word_1_21' title='bbox 785 565 901 610; x_wconf 91' lang='lat' dir='ltr'><strong>tibi</strong></span> <span class='ocrx_word' id='word_1_22' title='bbox 930 573 1141 610; x_wconf 90' lang='lat' dir='ltr'><strong>votum</strong></span> <span class='ocrx_word' id='word_1_23' title='bbox 1171 573 1265 610; x_wconf 91' lang='lat' dir='ltr'><strong>est</strong></span> <span class='ocrx_word' id='word_1_24' title='bbox 1295 581 1391 611; x_wconf 92' lang='lat' dir='ltr'><strong>non</strong></span> <span class='ocrx_word' id='word_1_25' title='bbox 1421 566 1554 611; x_wconf 72' lang='lat' dir='ltr'><strong>facile</strong></span> <span class='ocrx_word' id='word_1_26' title='bbox 1571 566 1852 620; x_wconf 79' lang='lat' dir='ltr'><strong>intelligitur,</strong></span> <span class='ocrx_word' id='word_1_27' title='bbox 1870 575 2161 619; x_wconf 82' lang='lat' dir='ltr'><strong>pentameter</strong></span> 
     </span>
     <span class='ocr_line' id='line_1_5' title="bbox 445 659 1333 712; baseline 0.001 -8"><span class='ocrx_word' id='word_1_28' title='bbox 445 668 688 712; x_wconf 88' lang='lat' dir='ltr'><strong>praeterea</strong></span> <span class='ocrx_word' id='word_1_29' title='bbox 718 674 869 712; x_wconf 83' lang='lat' dir='ltr'><strong>aeque</strong></span> <span class='ocrx_word' id='word_1_30' title='bbox 900 659 1130 705; x_wconf 81' lang='lat' dir='ltr'><strong>obscurus</strong></span> <span class='ocrx_word' id='word_1_31' title='bbox 1162 669 1333 705; x_wconf 88' lang='lat' dir='ltr'><strong>manet.</strong></span> 
     </span>
     <span class='ocr_line' id='line_1_6' title="bbox 445 752 2160 814; baseline 0.002 -15"><span class='ocrx_word' id='word_1_32' title='bbox 445 754 604 800; x_wconf 88' lang='lat' dir='ltr'><strong>Aliam</strong></span> <span class='ocrx_word' id='word_1_33' title='bbox 651 754 777 799; x_wconf 89' lang='lat' dir='ltr'><strong>viam</strong></span> <span class='ocrx_word' id='word_1_34' title='bbox 816 754 1050 808; x_wconf 79' lang='lat' dir='ltr'><strong>ingressus</strong></span> <span class='ocrx_word' id='word_1_35' title='bbox 1081 763 1150 799; x_wconf 91' lang='lat' dir='ltr'><strong>est</strong></span> <span class='ocrx_word' id='word_1_36' title='bbox 1182 754 1297 800; x_wconf 93' lang='lat' dir='ltr'><strong>Otto</strong></span> <span class='ocrx_word' id='word_1_37' title='bbox 1328 752 1565 813; x_wconf 86' lang='lat' dir='ltr'><strong>(Hermes</strong></span> <span class='ocrx_word' id='word_1_38' title='bbox 1596 754 1667 808; x_wconf 87' lang='grc'><strong>23,</strong></span> <span class='ocrx_word' id='word_1_39' title='bbox 1700 770 1744 808; x_wconf 93' lang='lat' dir='ltr'><strong>p.</strong></span> <span class='ocrx_word' id='word_1_40' title='bbox 1777 753 1861 814; x_wconf 88' lang='lat'><strong>35)</strong></span> <span class='ocrx_word' id='word_1_41' title='bbox 1892 756 1974 809; x_wconf 86' lang='lat' dir='ltr'><strong>qui</strong></span> <span class='ocrx_word' id='word_1_42' title='bbox 2004 757 2160 802; x_wconf 84' lang='lat' dir='ltr'><strong>locum</strong></span> 
     </span>
     <span class='ocr_line' id='line_1_7' title="bbox 446 848 2162 909; baseline 0.001 -13"><span class='ocrx_word' id='word_1_43' title='bbox 446 850 512 896; x_wconf 86' lang='lat' dir='ltr'><strong>sic</strong></span> <span class='ocrx_word' id='word_1_44' title='bbox 555 850 720 895; x_wconf 86' lang='lat' dir='ltr'><strong>vertit:</strong></span> <span class='ocrx_word' id='word_1_45' title='bbox 768 849 914 903; x_wconf 87' lang='lat' dir='ltr'><strong>„Und</strong></span> <span class='ocrx_word' id='word_1_46' title='bbox 942 850 1103 895; x_wconf 89' lang='lat' dir='ltr'><strong>ferner</strong></span> <span class='ocrx_word' id='word_1_47' title='bbox 1131 850 1188 895; x_wconf 91' lang='lat' dir='ltr'><strong>ist</strong></span> <span class='ocrx_word' id='word_1_48' title='bbox 1219 850 1293 895; x_wconf 93' lang='lat' dir='ltr'><strong>dir</strong></span> <span class='ocrx_word' id='word_1_49' title='bbox 1324 850 1475 895; x_wconf 87' lang='lat' dir='ltr'><strong>durch</strong></span> <span class='ocrx_word' id='word_1_50' title='bbox 1507 851 1600 896; x_wconf 92' lang='lat' dir='ltr'><strong>den</strong></span> <span class='ocrx_word' id='word_1_51' title='bbox 1632 848 1754 909; x_wconf 89' lang='lat' dir='ltr'><strong>(von</strong></span> <span class='ocrx_word' id='word_1_52' title='bbox 1792 851 1949 897; x_wconf 86' lang='lat' dir='ltr'><strong>Varro</strong></span> <span class='ocrx_word' id='word_1_53' title='bbox 1995 852 2162 897; x_wconf 91' lang='lat' dir='ltr'><strong>besun-</strong></span> 
     </span>
     <span class='ocr_line' id='line_1_8' title="bbox 444 942 2159 1002; baseline 0.001 -11"><span class='ocrx_word' id='word_1_54' title='bbox 444 942 623 1002; x_wconf 76' lang='lat' dir='ltr'><strong>genen)</strong></span> <span class='ocrx_word' id='word_1_55' title='bbox 655 945 759 999; x_wconf 78' lang='lat' dir='ltr'><strong>zug</strong></span> <span class='ocrx_word' id='word_1_56' title='bbox 790 945 874 990; x_wconf 91' lang='lat' dir='ltr'><strong>des</strong></span> <span class='ocrx_word' id='word_1_57' title='bbox 907 945 1044 990; x_wconf 90' lang='lat' dir='ltr'><strong>Iason</strong></span> <span class='ocrx_word' id='word_1_58' title='bbox 1076 945 1153 990; x_wconf 88' lang='lat' dir='ltr'><strong>die</strong></span> <span class='ocrx_word' id='word_1_59' title='bbox 1186 945 1365 991; x_wconf 82' lang='lat' dir='ltr'><strong>Medea</strong></span> <span class='ocrx_word' id='word_1_60' title='bbox 1395 945 1617 998; x_wconf 83' lang='lat' dir='ltr'><strong>bekannt,</strong></span> <span class='ocrx_word' id='word_1_61' title='bbox 1649 945 1726 991; x_wconf 92' lang='lat' dir='ltr'><strong>die</strong></span> <span class='ocrx_word' id='word_1_62' title='bbox 1759 946 1983 991; x_wconf 74' lang='lat' dir='ltr'><strong>ebenfalls</strong></span> <span class='ocrx_word' id='word_1_63' title='bbox 2010 947 2159 992; x_wconf 90' lang='lat' dir='ltr'><strong>kurze</strong></span> 
     </span>
     <span class='ocr_line' id='line_1_9' title="bbox 445 1039 2161 1094; baseline 0 -8"><span class='ocrx_word' id='word_1_64' title='bbox 445 1041 566 1093; x_wconf 90' lang='lat' dir='ltr'><strong>Zeit,</strong></span> <span class='ocrx_word' id='word_1_65' title='bbox 610 1040 843 1086; x_wconf 86' lang='lat' dir='ltr'><strong>nachdem</strong></span> <span class='ocrx_word' id='word_1_66' title='bbox 881 1040 949 1085; x_wconf 90' lang='lat' dir='ltr'><strong>sie</strong></span> <span class='ocrx_word' id='word_1_67' title='bbox 980 1041 1074 1085; x_wconf 90' lang='lat' dir='ltr'><strong>den</strong></span> <span class='ocrx_word' id='word_1_68' title='bbox 1108 1039 1301 1085; x_wconf 88' lang='lat' dir='ltr'><strong>Helden</strong></span> <span class='ocrx_word' id='word_1_69' title='bbox 1334 1049 1527 1094; x_wconf 77' lang='lat' dir='ltr'><strong>gerettet</strong></span> <span class='ocrx_word' id='word_1_70' title='bbox 1559 1042 1698 1093; x_wconf 90' lang='lat' dir='ltr'><strong>hatte,</strong></span> <span class='ocrx_word' id='word_1_71' title='bbox 1729 1056 1825 1085; x_wconf 92' lang='lat' dir='ltr'><strong>von</strong></span> <span class='ocrx_word' id='word_1_72' title='bbox 1857 1040 1954 1086; x_wconf 91' lang='lat' dir='ltr'><strong>ihm</strong></span> <span class='ocrx_word' id='word_1_73' title='bbox 1987 1041 2161 1086; x_wconf 87' lang='lat' dir='ltr'><strong>treulos</strong></span> 
     </span>
     <span class='ocr_line' id='line_1_10' title="bbox 443 1137 925 1183; baseline -0.006 0"><span class='ocrx_word' id='word_1_74' title='bbox 443 1138 683 1183; x_wconf 89' lang='lat' dir='ltr'><strong>verlassen</strong></span> <span class='ocrx_word' id='word_1_75' title='bbox 714 1137 925 1182; x_wconf 85' lang='lat' dir='ltr'><strong>wurde”.</strong></span> 
     </span>
     <span class='ocr_line' id='line_1_11' title="bbox 443 1231 2160 1285; baseline 0 -7"><span class='ocrx_word' id='word_1_76' title='bbox 443 1232 692 1278; x_wconf 85' lang='lat' dir='ltr'><strong>Assentior</strong></span> <span class='ocrx_word' id='word_1_77' title='bbox 724 1231 889 1278; x_wconf 90' lang='lat' dir='ltr'><strong>Ottoni</strong></span> <span class='ocrx_word' id='word_1_78' title='bbox 921 1231 1068 1276; x_wconf 89' lang='lat' dir='ltr'><strong>verba</strong></span> <span class='ocrx_word' id='word_1_79' title='bbox 1099 1231 1354 1277; x_wconf 90' lang='lat' dir='ltr'><strong>Iasonia</strong></span> <span class='ocrx_word' id='word_1_80' title='bbox 1519 1232 1735 1277; x_wconf 84' lang='lat' dir='ltr'><strong>carina</strong></span> <span class='ocrx_word' id='word_1_81' title='bbox 1765 1231 1832 1277; x_wconf 86' lang='lat' dir='ltr'><strong>sic</strong></span> <span class='ocrx_word' id='word_1_82' title='bbox 1862 1231 1983 1277; x_wconf 89' lang='lat' dir='ltr'><strong>verti</strong></span> <span class='ocrx_word' id='word_1_83' title='bbox 2000 1246 2160 1285; x_wconf 85' lang='lat' dir='ltr'><strong>posse;</strong></span> 
     </span>
     <span class='ocr_line' id='line_1_12' title="bbox 443 1325 2160 1380; baseline 0 -8"><span class='ocrx_word' id='word_1_84' title='bbox 443 1335 585 1372; x_wconf 87' lang='lat' dir='ltr'><strong>restat</strong></span> <span class='ocrx_word' id='word_1_85' title='bbox 615 1335 771 1372; x_wconf 90' lang='lat' dir='ltr'><strong>tamen</strong></span> <span class='ocrx_word' id='word_1_86' title='bbox 804 1326 1061 1379; x_wconf 89' lang='lat' dir='ltr'><strong>difficultas,</strong></span> <span class='ocrx_word' id='word_1_87' title='bbox 1093 1341 1202 1371; x_wconf 90' lang='lat' dir='ltr'><strong>nam</strong></span> <span class='ocrx_word' id='word_1_88' title='bbox 1219 1326 1487 1372; x_wconf 83' lang='lat' dir='ltr'><strong>coniunctio</strong></span> <span class='ocrx_word' id='word_1_89' title='bbox 1512 1334 1569 1371; x_wconf 92' lang='lat' dir='ltr'><strong>et</strong></span> <span class='ocrx_word' id='word_1_90' title='bbox 1593 1334 1936 1380; x_wconf 90' lang='lat' dir='ltr'><strong>pentametrum</strong></span> <span class='ocrx_word' id='word_1_91' title='bbox 1962 1325 2160 1372; x_wconf 80' lang='lat' dir='ltr'><strong>ridicule</strong></span> 
     </span>
     <span class='ocr_line' id='line_1_13' title="bbox 443 1420 2161 1475; baseline -0.001 -7"><span class='ocrx_word' id='word_1_92' title='bbox 443 1438 552 1469; x_wconf 86' lang='lat' dir='ltr'><strong>eum</strong></span> <span class='ocrx_word' id='word_1_93' title='bbox 596 1423 870 1468; x_wconf 86' lang='lat' dir='ltr'><strong>hexametro</strong></span> <span class='ocrx_word' id='word_1_94' title='bbox 908 1421 1173 1475; x_wconf 80' lang='lat' dir='ltr'><strong>coniungit3</strong></span> <span class='ocrx_word' id='word_1_95' title='bbox 1205 1437 1361 1475; x_wconf 89' lang='lat' dir='ltr'><strong>neque</strong></span> <span class='ocrx_word' id='word_1_96' title='bbox 1394 1422 1520 1467; x_wconf 89' lang='lat' dir='ltr'><strong>enim</strong></span> <span class='ocrx_word' id='word_1_97' title='bbox 1550 1421 1739 1475; x_wconf 84' lang='lat' dir='ltr'><strong>contigit</strong></span> <span class='ocrx_word' id='word_1_98' title='bbox 1768 1420 2078 1474; x_wconf 90' lang='lat' dir='ltr'><strong>Rothsteinio‚</strong></span> <span class='ocrx_word' id='word_1_99' title='bbox 2110 1430 2161 1467; x_wconf 90' lang='lat' dir='ltr'><strong>ut</strong></span> 
     </span>
     <span class='ocr_line' id='line_1_14' title="bbox 442 1516 2159 1571; baseline -0.001 -8"><span class='ocrx_word' id='word_1_100' title='bbox 442 1519 600 1563; x_wconf 83' lang='lat' dir='ltr'><strong>locum</strong></span> <span class='ocrx_word' id='word_1_101' title='bbox 628 1517 932 1571; x_wconf 89' lang='lat' dir='ltr'><strong>probabiliter</strong></span> <span class='ocrx_word' id='word_1_102' title='bbox 962 1517 1235 1570; x_wconf 82' lang='lat' dir='ltr'><strong>explicaret3</strong></span> <span class='ocrx_word' id='word_1_103' title='bbox 1267 1517 1305 1562; x_wconf 89' lang='lat' dir='ltr'><strong>is</strong></span> <span class='ocrx_word' id='word_1_104' title='bbox 1336 1517 1464 1562; x_wconf 91' lang='lat' dir='ltr'><strong>enim</strong></span> <span class='ocrx_word' id='word_1_105' title='bbox 1496 1517 1644 1563; x_wconf 88' lang='lat' dir='ltr'><strong>verba</strong></span> <span class='ocrx_word' id='word_1_106' title='bbox 1659 1517 1725 1562; x_wconf 86' lang='lat' dir='ltr'><strong>sie</strong></span> <span class='ocrx_word' id='word_1_107' title='bbox 1745 1516 2028 1563; x_wconf 87' lang='lat' dir='ltr'><strong>ordinando:</strong></span> <span class='ocrx_word' id='word_1_108' title='bbox 2047 1516 2159 1569; x_wconf 89' lang='lat' dir='ltr'><strong>„tibi</strong></span> 
     </span>
     <span class='ocr_line' id='line_1_15' title="bbox 442 1611 2160 1665; baseline -0.001 -7"><span class='ocrx_word' id='word_1_109' title='bbox 442 1621 552 1658; x_wconf 91' lang='lat' dir='ltr'><strong>nota</strong></span> <span class='ocrx_word' id='word_1_110' title='bbox 568 1621 638 1658; x_wconf 93' lang='lat' dir='ltr'><strong>est</strong></span> <span class='ocrx_word' id='word_1_111' title='bbox 654 1612 833 1658; x_wconf 87' lang='lat' dir='ltr'><strong>Medea</strong></span> <span class='ocrx_word' id='word_1_112' title='bbox 858 1612 1043 1657; x_wconf 91' lang='lat' dir='ltr'><strong>Iasonia</strong></span> <span class='ocrx_word' id='word_1_113' title='bbox 1072 1612 1231 1658; x_wconf 84' lang='lat' dir='ltr'><strong>carina</strong></span> <span class='ocrx_word' id='word_1_114' title='bbox 1262 1621 1308 1658; x_wconf 89' lang='lat' dir='ltr'><strong>et</strong></span> <span class='ocrx_word' id='word_1_115' title='bbox 1338 1613 1437 1658; x_wconf 91' lang='lat' dir='ltr'><strong>sola</strong></span> <span class='ocrx_word' id='word_1_116' title='bbox 1466 1612 1670 1665; x_wconf 85' lang='lat' dir='ltr'><strong>relicta”,</strong></span> <span class='ocrx_word' id='word_1_117' title='bbox 1702 1612 1818 1657; x_wconf 88' lang='lat' dir='ltr'><strong>nihil</strong></span> <span class='ocrx_word' id='word_1_118' title='bbox 1849 1612 1974 1657; x_wconf 88' lang='lat' dir='ltr'><strong>aliud</strong></span> <span class='ocrx_word' id='word_1_119' title='bbox 2006 1611 2160 1657; x_wconf 79' lang='lat' dir='ltr'><strong>effecit</strong></span> 
     </span>
     <span class='ocr_line' id='line_1_16' title="bbox 442 1706 2157 1760; baseline -0.001 -6"><span class='ocrx_word' id='word_1_120' title='bbox 442 1708 530 1754; x_wconf 91' lang='lat' dir='ltr'><strong>nisi</strong></span> <span class='ocrx_word' id='word_1_121' title='bbox 577 1716 628 1753; x_wconf 94' lang='lat' dir='ltr'><strong>ut</strong></span> <span class='ocrx_word' id='word_1_122' title='bbox 673 1707 813 1753; x_wconf 90' lang='lat' dir='ltr'><strong>etiam</strong></span> <span class='ocrx_word' id='word_1_123' title='bbox 858 1707 1025 1753; x_wconf 92' lang='lat' dir='ltr'><strong>melius</strong></span> <span class='ocrx_word' id='word_1_124' title='bbox 1071 1707 1352 1753; x_wconf 84' lang='lat' dir='ltr'><strong>sentiremus</strong></span> <span class='ocrx_word' id='word_1_125' title='bbox 1389 1707 1556 1752; x_wconf 89' lang='lat' dir='ltr'><strong>vitium</strong></span> <span class='ocrx_word' id='word_1_126' title='bbox 1588 1708 1746 1752; x_wconf 90' lang='lat' dir='ltr'><strong>latere.</strong></span> <span class='ocrx_word' id='word_1_127' title='bbox 1780 1706 2016 1760; x_wconf 86' lang='lat' dir='ltr'><strong>Equidem</strong></span> <span class='ocrx_word' id='word_1_128' title='bbox 2047 1721 2157 1752; x_wconf 84' lang='lat' dir='ltr'><strong>eum</strong></span> 
     </span>
     <span class='ocr_line' id='line_1_17' title="bbox 443 1800 1685 1862; baseline -0.002 -12"><span class='ocrx_word' id='word_1_129' title='bbox 443 1803 667 1850; x_wconf 88' lang='lat' dir='ltr'><strong>Hetzelio</strong></span> <span class='ocrx_word' id='word_1_130' title='bbox 698 1801 939 1861; x_wconf 69' lang='lat' dir='ltr'><strong>(Beitrfige</strong></span> <span class='ocrx_word' id='word_1_131' title='bbox 973 1802 1102 1855; x_wconf 88' lang='lat'>1890,</span> <span class='ocrx_word' id='word_1_132' title='bbox 1134 1818 1179 1856; x_wconf 91' lang='lat' dir='ltr'><strong>p.</strong></span> <span class='ocrx_word' id='word_1_133' title='bbox 1211 1800 1297 1862; x_wconf 90' lang='lat'><strong>28)</strong></span> <span class='ocrx_word' id='word_1_134' title='bbox 1327 1804 1483 1857; x_wconf 80' lang='lat' dir='ltr'><strong>legere</strong></span> <span class='ocrx_word' id='word_1_135' title='bbox 1514 1803 1685 1848; x_wconf 86' lang='lat' dir='ltr'><strong>velim:</strong></span> 
     </span>
    </p>

    <p class='ocr_par' dir='ltr' id='par_1_3' title="bbox 559 1898 1637 1952">
     <span class='ocr_line' id='line_1_18' title="bbox 559 1898 1637 1952; baseline 0 -8"><span class='ocrx_word' id='word_1_136' title='bbox 559 1915 655 1944; x_wconf 91' lang='lat' dir='ltr'><strong>non</strong></span> <span class='ocrx_word' id='word_1_137' title='bbox 686 1899 770 1944; x_wconf 90' lang='lat' dir='ltr'><strong>tibi</strong></span> <span class='ocrx_word' id='word_1_138' title='bbox 803 1899 987 1944; x_wconf 90' lang='lat' dir='ltr'><strong>Iasonia</strong></span> <span class='ocrx_word' id='word_1_139' title='bbox 1016 1907 1127 1944; x_wconf 93' lang='lat' dir='ltr'><strong>nota</strong></span> <span class='ocrx_word' id='word_1_140' title='bbox 1157 1907 1227 1944; x_wconf 91' lang='lat' dir='ltr'><strong>est</strong></span> <span class='ocrx_word' id='word_1_141' title='bbox 1258 1899 1437 1944; x_wconf 91' lang='lat' dir='ltr'><strong>Medea</strong></span> <span class='ocrx_word' id='word_1_142' title='bbox 1467 1898 1637 1952; x_wconf 88' lang='lat' dir='ltr'><strong>carina,</strong></span> 
     </span>
    </p>

    <p class='ocr_par' dir='ltr' id='par_1_4' title="bbox 439 1993 2157 2811">
     <span class='ocr_line' id='line_1_19' title="bbox 679 1993 1686 2040; baseline -0.001 0"><span class='ocrx_word' id='word_1_143' title='bbox 679 1993 800 2040; x_wconf 87' lang='lat' dir='ltr'><strong>heu!</strong></span> <span class='ocrx_word' id='word_1_144' title='bbox 832 1995 976 2040; x_wconf 90' lang='lat' dir='ltr'><strong>modo</strong></span> <span class='ocrx_word' id='word_1_145' title='bbox 1007 2003 1193 2040; x_wconf 88' lang='lat' dir='ltr'><strong>servato</strong></span> <span class='ocrx_word' id='word_1_146' title='bbox 1225 1995 1322 2040; x_wconf 92' lang='lat' dir='ltr'><strong>sola</strong></span> <span class='ocrx_word' id='word_1_147' title='bbox 1351 1994 1514 2040; x_wconf 83' lang='lat' dir='ltr'><strong>relicta</strong></span> <span class='ocrx_word' id='word_1_148' title='bbox 1543 1993 1686 2040; x_wconf 78' lang='lat' dir='ltr'><strong>viro?</strong></span> 
     </span>
     <span class='ocr_line' id='line_1_20' title="bbox 443 2088 2157 2144; baseline -0.001 -9"><span class='ocrx_word' id='word_1_149' title='bbox 443 2089 591 2135; x_wconf 88' lang='lat' dir='ltr'><strong>Recte</strong></span> <span class='ocrx_word' id='word_1_150' title='bbox 634 2098 791 2135; x_wconf 92' lang='lat' dir='ltr'><strong>autem</strong></span> <span class='ocrx_word' id='word_1_151' title='bbox 827 2090 1048 2135; x_wconf 87' lang='lat' dir='ltr'><strong>observat</strong></span> <span class='ocrx_word' id='word_1_152' title='bbox 1081 2089 1356 2135; x_wconf 89' lang='lat' dir='ltr'><strong>Hetzelius:</strong></span> <span class='ocrx_word' id='word_1_153' title='bbox 1390 2089 1665 2144; x_wconf 70' lang='lat' dir='ltr'><strong>„Anstossig</strong></span> <span class='ocrx_word' id='word_1_154' title='bbox 1695 2090 1753 2135; x_wconf 91' lang='lat' dir='ltr'><strong>ist</strong></span> <span class='ocrx_word' id='word_1_155' title='bbox 1783 2105 1874 2135; x_wconf 91' lang='lat' dir='ltr'><strong>nur</strong></span> <span class='ocrx_word' id='word_1_156' title='bbox 1904 2089 1953 2134; x_wconf 93' lang='lat' dir='ltr'><strong>in</strong></span> <span class='ocrx_word' id='word_1_157' title='bbox 1985 2088 2157 2135; x_wconf 91' lang='lat' dir='ltr'><strong>beiden</strong></span> 
     </span>
     <span class='ocr_line' id='line_1_21' title="bbox 440 2183 2156 2244; baseline -0.001 -14"><span class='ocrx_word' id='word_1_158' title='bbox 440 2185 628 2230; x_wconf 91' lang='lat' dir='ltr'><strong>Versen</strong></span> <span class='ocrx_word' id='word_1_159' title='bbox 661 2186 748 2230; x_wconf 91' lang='lat' dir='ltr'><strong>der</strong></span> <span class='ocrx_word' id='word_1_160' title='bbox 792 2185 1005 2239; x_wconf 77' lang='lat' dir='ltr'><strong>Anfang;</strong></span> <span class='ocrx_word' id='word_1_161' title='bbox 1052 2185 1168 2230; x_wconf 92' lang='lat' dir='ltr'><strong>iam</strong></span> <span class='ocrx_word' id='word_1_162' title='bbox 1214 2183 1370 2243; x_wconf 85' lang='lat' dir='ltr'><strong>(nieht</strong></span> <span class='ocrx_word' id='word_1_163' title='bbox 1415 2183 1670 2244; x_wconf 89' lang='lat' dir='ltr'><strong>temporal)</strong></span> <span class='ocrx_word' id='word_1_164' title='bbox 1716 2186 1814 2231; x_wconf 92' lang='lat' dir='ltr'><strong>und</strong></span> <span class='ocrx_word' id='word_1_165' title='bbox 1846 2194 1902 2231; x_wconf 91' lang='lat' dir='ltr'><strong>et</strong></span> <span class='ocrx_word' id='word_1_166' title='bbox 1933 2184 2156 2230; x_wconf 85' lang='lat' dir='ltr'><strong>seheinen</strong></span> 
     </span>
     <span class='ocr_line' id='line_1_22' title="bbox 441 2280 2155 2335; baseline 0.001 -10"><span class='ocrx_word' id='word_1_167' title='bbox 441 2280 747 2334; x_wconf 79' lang='lat' dir='ltr'><strong>ungeschickt</strong></span> <span class='ocrx_word' id='word_1_168' title='bbox 790 2295 849 2325; x_wconf 92' lang='lat' dir='ltr'><strong>an</strong></span> <span class='ocrx_word' id='word_1_169' title='bbox 893 2281 970 2326; x_wconf 92' lang='lat' dir='ltr'><strong>die</strong></span> <span class='ocrx_word' id='word_1_170' title='bbox 1015 2280 1157 2326; x_wconf 89' lang='lat' dir='ltr'><strong>Stelle</strong></span> <span class='ocrx_word' id='word_1_171' title='bbox 1200 2281 1285 2326; x_wconf 92' lang='lat' dir='ltr'><strong>des</strong></span> <span class='ocrx_word' id='word_1_172' title='bbox 1328 2281 1611 2326; x_wconf 84' lang='lat' dir='ltr'><strong>unleserlieh</strong></span> <span class='ocrx_word' id='word_1_173' title='bbox 1642 2281 1959 2335; x_wconf 82' lang='lat' dir='ltr'><strong>gewordenen</strong></span> <span class='ocrx_word' id='word_1_174' title='bbox 1990 2280 2155 2327; x_wconf 89' lang='lat' dir='ltr'><strong>Worte</strong></span> 
     </span>
     <span class='ocr_line' id='line_1_23' title="bbox 441 2375 887 2429; baseline 0 -9"><span class='ocrx_word' id='word_1_175' title='bbox 441 2383 619 2429; x_wconf 78' lang='lat' dir='ltr'><strong>gesetzt</strong></span> <span class='ocrx_word' id='word_1_176' title='bbox 647 2391 710 2421; x_wconf 93' lang='lat' dir='ltr'><strong>zu</strong></span> <span class='ocrx_word' id='word_1_177' title='bbox 742 2375 887 2421; x_wconf 86' lang='lat' dir='ltr'><strong>sein’&#39;.</strong></span> 
     </span>
     <span class='ocr_line' id='line_1_24' title="bbox 442 2470 2154 2525; baseline 0.001 -9"><span class='ocrx_word' id='word_1_178' title='bbox 442 2470 765 2523; x_wconf 81' lang='lat' dir='ltr'><strong>HousmanuS,</strong></span> <span class='ocrx_word' id='word_1_179' title='bbox 794 2470 875 2525; x_wconf 88' lang='lat' dir='ltr'><strong>qui</strong></span> <span class='ocrx_word' id='word_1_180' title='bbox 892 2486 988 2516; x_wconf 93' lang='lat' dir='ltr'><strong>non</strong></span> <span class='ocrx_word' id='word_1_181' title='bbox 1005 2479 1133 2516; x_wconf 85' lang='lat' dir='ltr'><strong>reete</strong></span> <span class='ocrx_word' id='word_1_182' title='bbox 1162 2471 1233 2516; x_wconf 91' lang='lat' dir='ltr'><strong>ab</strong></span> <span class='ocrx_word' id='word_1_183' title='bbox 1262 2471 1443 2516; x_wconf 88' lang='lat' dir='ltr'><strong>infido</strong></span> <span class='ocrx_word' id='word_1_184' title='bbox 1470 2471 1720 2517; x_wconf 86' lang='lat' dir='ltr'><strong>lectionem</strong></span> <span class='ocrx_word' id='word_1_185' title='bbox 1739 2471 1836 2517; x_wconf 93' lang='lat' dir='ltr'><strong>DV</strong></span> <span class='ocrx_word' id='word_1_186' title='bbox 1854 2470 2154 2524; x_wconf 84' lang='lat' dir='ltr'><strong>Neapolitani</strong></span> 
     </span>
     <span class='ocr_line' id='line_1_25' title="bbox 440 2564 2157 2624; baseline 0.001 -14"><span class='ocrx_word' id='word_1_187' title='bbox 440 2565 628 2611; x_wconf 87' lang='lat' dir='ltr'><strong>lectioni</strong></span> <span class='ocrx_word' id='word_1_188' title='bbox 666 2575 922 2612; x_wconf 87' lang='lat' dir='ltr'><strong>servato</strong></span> <span class='ocrx_word' id='word_1_189' title='bbox 952 2566 1169 2619; x_wconf 89' lang='lat' dir='ltr'><strong>praetulit</strong></span> <span class='ocrx_word' id='word_1_190' title='bbox 1199 2565 1338 2622; x_wconf 91' lang='lat' dir='ltr'><strong>(JPh.</strong></span> <span class='ocrx_word' id='word_1_191' title='bbox 1369 2566 1508 2619; x_wconf 91' lang='lat' dir='ltr'>XXI,</span> <span class='ocrx_word' id='word_1_192' title='bbox 1539 2581 1584 2619; x_wconf 88' lang='lat' dir='ltr'><strong>p.</strong></span> <span class='ocrx_word' id='word_1_193' title='bbox 1619 2564 1744 2624; x_wconf 89' lang='grc'>173),</span> <span class='ocrx_word' id='word_1_194' title='bbox 1775 2567 1998 2612; x_wconf 72' lang='lat' dir='ltr'><strong>refutatus</strong></span> <span class='ocrx_word' id='word_1_195' title='bbox 2029 2575 2099 2612; x_wconf 90' lang='lat' dir='ltr'><strong>est</strong></span> <span class='ocrx_word' id='word_1_196' title='bbox 2129 2581 2157 2612; x_wconf 89' lang='lat' dir='ltr'><strong>a</strong></span> 
     </span>
     <span class='ocr_line' id='line_1_26' title="bbox 442 2659 2153 2721; baseline 0.001 -14"><span class='ocrx_word' id='word_1_197' title='bbox 442 2661 675 2715; x_wconf 80' lang='lat' dir='ltr'><strong>Postgatio</strong></span> <span class='ocrx_word' id='word_1_198' title='bbox 720 2659 828 2721; x_wconf 91' lang='lat' dir='ltr'><strong>(On</strong></span> <span class='ocrx_word' id='word_1_199' title='bbox 875 2661 1050 2707; x_wconf 85' lang='lat' dir='ltr'><strong>certain</strong></span> <span class='ocrx_word' id='word_1_200' title='bbox 1099 2661 1419 2714; x_wconf 83' lang='lat' dir='ltr'><strong>Manuseripts</strong></span> <span class='ocrx_word' id='word_1_201' title='bbox 1465 2661 1520 2706; x_wconf 89' lang='lat' dir='ltr'><strong>of</strong></span> <span class='ocrx_word' id='word_1_202' title='bbox 1560 2661 1701 2715; x_wconf 93' lang='lat' dir='ltr'><strong>Prop.</strong></span> <span class='ocrx_word' id='word_1_203' title='bbox 1739 2676 1784 2714; x_wconf 91' lang='lat' dir='ltr'><strong>p.</strong></span> <span class='ocrx_word' id='word_1_204' title='bbox 1832 2660 1904 2714; x_wconf 89' lang='lat'><strong>71,</strong></span> <span class='ocrx_word' id='word_1_205' title='bbox 1936 2659 2046 2720; x_wconf 85' lang='lat' dir='ltr'>sq.),</span> <span class='ocrx_word' id='word_1_206' title='bbox 2077 2661 2153 2708; x_wconf 85' lang='lat' dir='ltr'><strong>eui</strong></span> 
     </span>
     <span class='ocr_line' id='line_1_27' title="bbox 439 2756 1696 2811; baseline -0.002 -8"><span class='ocrx_word' id='word_1_207' title='bbox 439 2757 726 2811; x_wconf 86' lang='lat' dir='ltr'><strong>adstipulor;</strong></span> <span class='ocrx_word' id='word_1_208' title='bbox 758 2758 816 2803; x_wconf 79' lang='lat' dir='ltr'><strong>ef.</strong></span> <span class='ocrx_word' id='word_1_209' title='bbox 848 2756 1063 2810; x_wconf 86' lang='lat' dir='ltr'><strong>Solbisk.,</strong></span> <span class='ocrx_word' id='word_1_210' title='bbox 1095 2758 1156 2803; x_wconf 90' lang='lat' dir='ltr'><strong>de</strong></span> <span class='ocrx_word' id='word_1_211' title='bbox 1189 2756 1312 2803; x_wconf 90' lang='lat' dir='ltr'><strong>Cod.</strong></span> <span class='ocrx_word' id='word_1_212' title='bbox 1345 2757 1486 2810; x_wconf 88' lang='lat' dir='ltr'><strong>Prop.</strong></span> <span class='ocrx_word' id='word_1_213' title='bbox 1518 2772 1563 2810; x_wconf 90' lang='lat' dir='ltr'><strong>p.</strong></span> <span class='ocrx_word' id='word_1_214' title='bbox 1598 2756 1696 2803; x_wconf 90' lang='lat'><strong>168.</strong></span> 
     </span>
    </p>
   </div>
   <div class='ocr_carea' id='block_1_3' title="bbox 306 2946 2154 3002">
    <p class='ocr_par' dir='ltr' id='par_1_5' title="bbox 306 2946 2154 3002">
     <span class='ocr_line' id='line_1_28' title="bbox 306 2946 2154 3002; baseline 0.001 -10"><span class='ocrx_word' id='word_1_215' title='bbox 306 2947 378 2992; x_wconf 83' lang='lat'><strong>47.</strong></span> <span class='ocrx_word' id='word_1_216' title='bbox 395 2946 467 2993; x_wconf 89' lang='grc'><strong>48.</strong></span> <span class='ocrx_word' id='word_1_217' title='bbox 485 2947 599 2993; x_wconf 93' lang='lat' dir='ltr'><strong>Non</strong></span> <span class='ocrx_word' id='word_1_218' title='bbox 647 2948 1021 3002; x_wconf 89' lang='lat' dir='ltr'><strong>transponendos</strong></span> <span class='ocrx_word' id='word_1_219' title='bbox 1066 2962 1169 2993; x_wconf 91' lang='lat' dir='ltr'><strong>esse</strong></span> <span class='ocrx_word' id='word_1_220' title='bbox 1214 2948 1384 3000; x_wconf 85' lang='lat' dir='ltr'><strong>credo;</strong></span> <span class='ocrx_word' id='word_1_221' title='bbox 1432 2955 1579 2993; x_wconf 91' lang='lat' dir='ltr'><strong>totum</strong></span> <span class='ocrx_word' id='word_1_222' title='bbox 1622 2948 1778 2993; x_wconf 88' lang='lat' dir='ltr'><strong>locum</strong></span> <span class='ocrx_word' id='word_1_223' title='bbox 1810 2948 1978 2993; x_wconf 89' lang='lat' dir='ltr'><strong>eodem</strong></span> <span class='ocrx_word' id='word_1_224' title='bbox 2011 2948 2154 2993; x_wconf 90' lang='lat' dir='ltr'><strong>modo</strong></span> 
     </span>
    </p>
   </div>
   <div class='ocr_carea' id='block_1_4' title="bbox 439 3043 1573 3098">
    <p class='ocr_par' dir='ltr' id='par_1_6' title="bbox 439 3043 1573 3098">
     <span class='ocr_line' id='line_1_29' title="bbox 439 3043 1573 3098; baseline -0.002 -8"><span class='ocrx_word' id='word_1_225' title='bbox 439 3052 580 3098; x_wconf 86' lang='lat' dir='ltr'><strong>atque</strong></span> <span class='ocrx_word' id='word_1_226' title='bbox 612 3043 933 3090; x_wconf 87' lang='lat' dir='ltr'><strong>Rothsteinius</strong></span> <span class='ocrx_word' id='word_1_227' title='bbox 964 3044 1011 3090; x_wconf 94' lang='lat' dir='ltr'><strong>in</strong></span> <span class='ocrx_word' id='word_1_228' title='bbox 1044 3059 1128 3089; x_wconf 89' lang='lat' dir='ltr'><strong>sua</strong></span> <span class='ocrx_word' id='word_1_229' title='bbox 1158 3043 1347 3089; x_wconf 89' lang='lat' dir='ltr'><strong>editone</strong></span> <span class='ocrx_word' id='word_1_230' title='bbox 1375 3043 1573 3097; x_wconf 82' lang='lat' dir='ltr'><strong>explico.</strong></span> 
     </span>
    </p>
   </div>
  </div>
 </body>
</html>
