2566 3886
1141 264 1407 310 ..261-

482 406 551 443 est
581 397 791 451 cognitus
822 398 998 449 error’',
1031 412 1138 442 cum
1171 397 1261 441 hoc
1293 396 1353 440 de
1371 395 1524 440 Zetho
1544 395 1643 439 solo
1660 394 1836 440 dictum
1854 400 2195 446 exspectemus,

482 502 722 546 comparet
752 494 867 538 haec
898 508 958 538 ex
990 492 1184 546 Hygino
1214 490 1268 536 9:
1302 491 1523 544 „devenit
1553 491 1612 535 ad
1645 489 1762 534 filios
1794 503 1916 540 suos,
1949 503 2008 532 ex
2025 487 2195 541 quibus

483 588 662 634 Zethus
706 587 974 633 existimans
1005 586 1246 641 fugitivam
1279 601 1374 632 non
1406 585 1625 638 recepit”.
1659 585 1848 630 Deinde
1879 583 2006 628 idem
2038 590 2194 627 narrat

481 684 597 729 haec
612 698 623 727 ε
672 684 784 735 „sed
815 683 874 728 ab
912 683 1164 728 educatore
1210 691 1395 736 pastore
1441 697 1468 726 a
1485 682 1515 726 d
1532 697 1563 726 u
1580 681 1638 726 le
1655 695 1676 725 s
1690 695 1716 725 c
1733 695 1760 724 e
1778 693 1808 723 n
1826 686 1843 722 t
1859 693 1886 723 e
1903 693 1924 723 s
1970 677 2193 723 certiores

481 778 589 824 facti
620 793 724 824 eam
756 793 858 824 esse
890 787 1101 830 matrem,
1132 778 1348 823 celeriter
1378 777 1616 823 consecuti
1649 784 1845 820 matrem
1877 773 2194 826 eripuerunt''.

348 966 538 1013 31—34.
569 983 624 1013 ac
656 968 815 1020 veluti,
850 977 1041 1022 magnos
1072 983 1180 1013 cum
1213 975 1394 1020 ponunt
1424 981 1630 1020 aequora
1660 973 1828 1016 motus,

629 1077 771 1107 eurus
802 1062 850 1107 in
881 1063 1106 1107 adversos
1137 1062 1306 1107 desinit
1336 1061 1405 1106 ire
1438 1061 1607 1113 Notos,

598 1157 733 1202 litore
764 1157 830 1202 sic
861 1156 1000 1202 tacito
1032 1156 1209 1203 sonitus
1242 1156 1434 1201 rarescit
1465 1157 1694 1207 harenae3

628 1252 694 1297 sic
726 1252 848 1297 cadit
878 1252 1052 1297 inflexo
1082 1252 1210 1304 lapsa
1240 1251 1396 1304 puella
1425 1259 1561 1305 genu.

480 1347 639 1392 Versu
671 1346 728 1392 35
759 1347 900 1400 vulgo
932 1346 1164 1399 recipiunt
1196 1346 1488 1392 Lachmanni
1519 1345 1866 1391 coniecturam:

598 1457 740 1487 eurus
771 1441 853 1487 ubi
884 1442 1085 1487 adverso
1117 1441 1286 1486 desinit
1317 1442 1386 1487 ire
1418 1441 1564 1494 Noto,

479 1536 560 1590 qui
592 1536 829 1589 profectus
860 1545 930 1582 est
963 1551 991 1581 a
1022 1535 1324 1589 Neapolitani
1354 1545 1576 1590 corrupta
1606 1535 1831 1582 lectione:

599 1646 742 1678 eurus
773 1632 860 1678 sub
891 1633 1093 1704 adverso
1125 1632 1295 1677 desinit
1326 1632 1395 1677 ire
1428 1631 1573 1684 Noto,

481 1742 637 1780 neque
666 1727 861 1772 iniuria:
893 1727 1073 1772 facilius
1104 1727 1231 1773 enim
1262 1726 1559 1780 intelligimus
1590 1726 1840 1772 lectionem
1873 1725 1918 1771 O

598 1838 740 1869 eurus
772 1823 820 1868 in
852 1823 1076 1868 adversos
1107 1823 1277 1868 desinit
1308 1823 1376 1868 ire
1409 1822 1562 1868 Notos

407 1945 412 1948 -
479 1918 795 1964 coniecturam
827 1933 929 1963 esse
961 1933 1047 1970 pro
1077 1918 1307 1972 corruptis
1323 1917 1481 1963 verbis
1495 1916 1795 1970 Neapolitani
1811 1931 1952 1971 quam
1971 1915 2192 1970 Neapoli·

479 2013 571 2058 tani
603 2013 851 2058 lectionem
872 2028 932 2058 ex
948 2013 1119 2066 verbis,
1152 2029 1272 2067 quae
1290 2012 1336 2058 O
1353 2013 1625 2065 servaverit,
1641 2021 1791 2058 ortam
1809 2027 1924 2057 esse.
1943 2011 2192 2057 Praeterea

480 2108 691 2162 displicet
734 2108 782 2153 in
814 2108 1013 2154 lectione
1046 2107 1107 2161 O,
1139 2109 1267 2161 quod
1291 2108 1439 2153 verba
1469 2123 1516 2153 m
1533 2123 1560 2153 a
1576 2116 1603 2162 g
1618 2123 1649 2152 n
1667 2123 1696 2154 o
1715 2123 1737 2153 s
1767 2123 1793 2153 c
1810 2123 1841 2152 u
1860 2123 1906 2152 m
1938 2122 1970 2160 p
1986 2121 2016 2151 o
2032 2123 2063 2151 n
2081 2122 2112 2152 u
2126 2122 2156 2151 n
2174 2115 2191 2150 t

479 2218 775 2258 aequora
819 2211 1026 2248 motus
1072 2218 1259 2249 causam
1307 2204 1420 2249 dare
1466 2203 1702 2255 videntur,
1748 2218 1834 2248 cur
1880 2202 2095 2247 Eurus
2127 2201 2189 2246 in
2218 2225 2220 2227 >

479 2299 806 2344 adversos
853 2298 1067 2344 Notos
1113 2298 1381 2343 desinat
1427 2299 1538 2344 ire.

479 2393 638 2439 Versu
671 2392 727 2439 33
759 2393 852 2438 sic
884 2393 1053 2439 duobis
1085 2394 1237 2439 modis
1268 2394 1554 2448 explicatur:
1587 2393 1662 2439 alii
1694 2402 1857 2447 putant
1888 2407 1915 2438 a
1946 2407 2065 2438 voce
2097 2392 2195 2437 sic

480 2489 836 2534 secundum
883 2488 1091 2541 incipere
1139 2489 1688 2543 comparationis,
1735 2496 1898 2533 contra
1943 2503 2084 2542 quam
2117 2503 2194 2533 ex-

481 2583 776 2636 plicationem
808 2592 933 2629 recte
963 2584 1182 2629 observat
1212 2585 1286 2629 vir
1317 2585 1479 2630 doctus
1511 2584 1664 2630 Nairn
1681 2582 1814 2642 (CR.
1838 2583 1974 2635 XIII,
1993 2599 2036 2636 p.
2054 2581 2194 2640 201):

482 2679 590 2730 „the
621 2678 774 2723 virtue
806 2679 861 2723 of
886 2678 957 2723 31.
975 2678 1031 2723 32
1064 2679 1102 2724 is
1134 2680 1181 2724 in
1213 2688 1340 2733 great
1372 2694 1586 2724 measure
1618 2679 1706 2724 lost
1737 2679 1777 2723 if
1802 2680 1913 2731 they
1945 2694 2024 2724 are
2055 2688 2102 2723 to
2134 2678 2193 2723 be

476 2774 728 2828 compared
759 2782 808 2819 to
851 2775 1047 2819 another
1093 2783 1251 2828 aspect
1294 2775 1342 2819 of
1386 2775 1594 2819 nature’'.
1641 2773 1739 2819 Alii
1785 2774 1880 2819 sic
1911 2771 2079 2831 (versu
2111 2770 2195 2831 33)

480 2869 842 2922 interpretantur
897 2869 960 2913 in
1006 2870 1118 2914 hac
1176 2884 1394 2914 rerum
1447 2868 1877 2920 condicione;
1936 2869 2018 2913 sed
2073 2869 2193 2913 hanc

479 2963 907 3016 interpretationem
939 2963 1219 3016 improbavit
1249 2963 1340 3008 iam
1374 2963 1550 3008 Keilius
1581 2961 1979 3021 (Observationes
2010 2963 2110 3007 crit.
2142 2962 2189 3006 in

481 3057 620 3109 Prop.
652 3055 780 3109 1843,
808 3071 853 3109 p.
885 3054 991 3114 16):
1026 3057 1143 3109 „sic
1175 3058 1212 3102 si
1244 3057 1421 3110 scribis,
1448 3058 1611 3111 inquit,
1645 3066 1724 3110 „ut
1750 3057 1866 3102 ratio
1895 3057 2190 3110 significetur,

480 3166 574 3205 qua
603 3151 694 3203 fiat,
725 3159 776 3196 ut
806 3151 983 3196 sonitus
1014 3160 1228 3204 rarescat,
1262 3185 1273 3196 .
1292 3184 1302 3196 .
1321 3185 1332 3196 .
1351 3185 1361 3195 .
1394 3161 1676 3205 magnopere
1708 3152 1756 3196 id
1781 3153 1967 3205 languet
1991 3160 2095 3205 post
2110 3167 2188 3205 po-

479 3245 612 3290 sitam
636 3245 683 3290 in
705 3245 862 3299 priore
886 3247 1110 3291 enuntiati
1134 3247 1348 3291 membro
1388 3262 1414 3291 c
1431 3263 1462 3291 u
1480 3262 1526 3290 m
1559 3246 1845 3298 particulam,
1881 3261 1969 3291 nec
2000 3246 2190 3299 intelligi

478 3355 506 3384 a
536 3355 775 3392 quoquam
806 3340 1018 3393 poterit’'.
1051 3340 1231 3386 Contra
1258 3356 1353 3392 eos,
1392 3341 1472 3394 qui
1490 3356 1549 3385 ex
1566 3341 1788 3385 Italorum
1816 3340 2084 3385 coniectura
2102 3355 2189 3392 pro

479 3434 574 3480 sic
631 3435 777 3481 edunt
828 3435 896 3489 si,
943 3435 1069 3482 idem
1117 3435 1293 3481 Keilius
1340 3435 1543 3490 disputat
1588 3435 1635 3481 in
1682 3435 1809 3481 hunc
1852 3436 2074 3482 modum:
2120 3435 2186 3489 „si
