2566 3886
1123 295 1299 342 -233
1330 321 1389 328 --

337 427 408 473 25.
440 427 512 472 26.
543 436 664 473 tecta
694 427 953 481 superciliis
984 427 1022 472 si
1053 427 1244 480 quando
1274 426 1422 471 verba
1452 425 1662 477 remittis,

326 3090 397 3135 27.

587 531 666 567 aut
696 530 776 567 tua
806 537 915 567 cum
947 521 1099 575 digitis
1130 520 1301 574 scripta
1331 521 1511 566 silenda
1541 528 1687 565 notas·

468 616 535 661 Hi
582 631 747 662 versus
792 616 915 661 inter
960 615 1254 660 difficillimos
1299 624 1465 668 poetae
1511 614 1716 660 habendi
1755 623 1876 659 sunt.
1928 614 2181 668 Postquam

467 712 799 757 Lachmannus
854 726 935 756 eos
994 711 1178 764 spurios
1239 710 1414 762 habuit,
1471 709 1731 761 Vahlenus,
1784 708 1861 754 cui
1919 709 2183 762 adstipulati

465 814 572 851 sunt
620 805 734 851 Otto
780 803 1071 863 (Versumst.
1120 805 1156 849 Ι.
1203 819 1248 857 p.
1296 801 1380 861 21)
1426 812 1473 848 et
1520 803 1806 856 Risbergius,
1851 803 1963 848 novi
2007 803 2182 857 aliquid

464 901 764 954 excogitavit:
803 915 969 945 versus
1001 899 1072 944 25.
1104 898 1176 944 26.
1208 907 1313 953 post
1347 898 1401 943 12
1434 898 1716 951 transposuit
1745 895 2066 956 (Monatsber.
2095 899 2182 943 der

466 995 584 1041 Κὸιι.
629 995 814 1041 Preuss.
857 995 1016 1041 Akad.
1048 994 1187 1040 Wiss.
1219 994 1342 1039 Berl.
1378 992 1505 1046 1881,
1537 1007 1582 1046 p.
1615 990 1743 1051 361).
1776 993 1832 1038 In
1864 1002 1994 1038 sexta
2024 1002 2180 1039 autem

462 1090 668 1135 editione
716 1090 1022 1135 Lachmanno
1062 1089 1184 1134 duce
1230 1103 1396 1134 versus
1439 1088 1542 1134 illos
1586 1088 1770 1133 uncinis
1802 1088 2000 1134 inclusit.
2034 1089 2180 1134 Roth-

463 1185 655 1230 steinius
699 1199 781 1230 eos
827 1193 983 1230 servat
1027 1185 1146 1236 loco,
1194 1199 1291 1238 quo
1328 1183 1483 1229 traditi
1515 1191 1647 1235 sunt3
1679 1191 1882 1228 attamen
1913 1183 2004 1229 alio
2036 1185 2179 1229 modo

461 1280 675 1333 explicat,
706 1294 848 1332 quam
882 1279 1098 1331 Paleyus.
1131 1279 1261 1331 Quot
1292 1278 1508 1324 homines
1540 1286 1606 1323 tot
1638 1277 1915 1324 sententiae!

466 1374 681 1428 Longum
715 1382 786 1419 est
817 1374 1021 1428 singulos
1051 1374 1278 1419 refellere.
1311 1372 1552 1419 Summam
1585 1381 1764 1418 tantum
1795 1373 2029 1427 attingam.

463 1468 592 1521 Quid
625 1469 897 1522 Propertius
928 1469 1016 1514 sibi
1047 1469 1262 1520 voluerit,
1294 1469 1433 1514 docet
1463 1467 1570 1513 Tib.
1603 1468 1638 1512 Ι.
1671 1467 1713 1520 2,
1745 1467 1816 1513 21.
1834 1467 1916 1513 22:

467 1563 544 1608 illa
574 1563 678 1608 viro
709 1578 868 1609 coram
901 1573 1041 1610 nutus
1072 1564 1288 1609 conferre
1319 1564 1539 1617 loquaces

524 1657 788 1712 blandaque
819 1659 1089 1712 compositis
1119 1659 1295 1704 abdere
1326 1658 1473 1704 verba
1503 1659 1638 1704 notis.

463 1751 518 1796 In
565 1753 652 1797 hac
697 1768 750 1798 re
786 1768 895 1798 cum
929 1753 1224 1800 Rothsteinio
1255 1763 1351 1806 sto;
1383 1753 1494 1799 vide
1524 1762 1696 1805 tamen,
1728 1753 1842 1807 quid
1874 1754 1933 1798 ad
1964 1762 2177 1799 nostrum

462 1862 653 1892 versum
685 1848 849 1893 addat:
882 1849 989 1900 „die
1020 1849 1123 1895 hier
1152 1847 1248 1907 (vs.
1280 1846 1365 1906 25)
1396 1848 1632 1902 gegebene
1664 1847 1973 1902 Schilderung
2004 1850 2090 1894 der
2114 1848 2178 1894 Si-

461 1942 638 1987 tuation
675 1943 845 1995 kniipft
882 1959 972 1989 nur
1008 1959 1067 1989 an
1099 1945 1182 1989 das
1213 1953 1335 1990 erste
1366 1943 1509 1990 Glied
1556 1944 1642 1988 der
1687 1943 1811 1988 oben
1858 1944 2176 1997 ausgestellten

460 2036 756 2082 Alternative
787 2052 861 2090 an,
881 2036 944 2096 (s.
976 2055 1037 2084 zu
1071 2039 1117 2084 ΙΙ
1149 2039 1248 2085 280.
1281 2037 1365 2097 53)
1387 2039 1473 2084 auf
1489 2039 1572 2083 das
1593 2038 1761 2083 zweite
1787 2038 1907 2083 wird
1933 2047 2013 2092 gar
2036 2039 2175 2084 keine

464 2131 722 2178 Riicksicht
758 2141 1053 2186 genommen.
1094 2133 1158 2178 Es
1189 2137 1315 2178 ware
1347 2133 1622 2186 pedantisch
1654 2142 1885 2187 gewesen,
1917 2149 2058 2179 wenn
2090 2135 2176 2179 der

463 2227 660 2272 Dichter
690 2236 795 2273 statt
826 2243 891 2274 re
907 2228 1100 2274 mittis
1132 2229 1256 2273 hatte
1287 2237 1426 2282 sagen
1459 2229 1628 2274 wollen
1663 2238 1778 2282 „ego
1809 2229 1996 2274 remitto
2026 2230 2103 2275 vel
2126 2238 2175 2274 tu

464 2323 702 2368 remittis.’'
749 2323 830 2368 Ad
876 2338 932 2368 ea
978 2323 1086 2368 licet
1130 2323 1384 2368 observare
1424 2323 1471 2368 in
1503 2324 1608 2368 loco
1639 2324 1776 2368 allato
1808 2323 1923 2368 nihil
1955 2324 2173 2376 praesidii

458 2432 561 2462 esse
591 2418 650 2462 ad
682 2419 809 2463 hunc
839 2419 995 2463 locum
1027 2418 1394 2470 defendendum,
1426 2427 1476 2464 ut
1507 2433 1565 2463 eo
1596 2419 1701 2463 loco
1732 2418 2048 2471 exposuimus.
2082 2418 2174 2464 Sed

458 2521 509 2557 ut
539 2527 665 2558 nunc
697 2513 905 2567 legimus,
937 2514 1067 2559 locus
1098 2513 1457 2559 obscurissimus
1483 2521 1566 2565 est,
1589 2513 1718 2567 quod
1740 2522 1932 2567 apparet
1955 2529 2014 2558 ex
2037 2513 2174 2559 inter-

458 2607 793 2660 pretationibus
835 2617 928 2653 tam
972 2608 1093 2654 inter
1136 2624 1187 2654 se
1223 2608 1435 2653 diversis.
1476 2607 1606 2653 Huic
1646 2609 1946 2654 incommodo
1983 2609 2172 2654 obviam

459 2702 594 2754 imus,
626 2702 664 2747 si
695 2718 803 2747 cum
837 2702 1186 2748 Sandstroemio
1218 2701 1494 2761 (Emendat.
1510 2703 1557 2748 in
1589 2703 1901 2758 Propertium,
1927 2703 2173 2748 Lucanum

457 2796 702 2841 Valerium
721 2797 959 2849 Flaccum,
994 2795 1135 2855 1878)
1166 2806 1213 2843 et
1245 2797 1510 2842 Hartmano
1536 2812 1677 2843 versu
1709 2798 1766 2842 24
1798 2806 1918 2843 tuas
1949 2806 1996 2842 et
2027 2812 2174 2843 meas

459 2890 581 2935 inter
610 2905 661 2935 se
692 2891 1051 2944 transponimus.

460 3090 556 3135 Hic
587 3105 752 3137 versus
782 3106 842 3136 ex
872 3092 1163 3138 correctione
1195 3093 1243 3137 in
1275 3093 1316 3137 F
1348 3093 1414 3138 sic
1445 3094 1670 3147 legendus
1701 3101 1796 3138 est:

611 3185 690 3230 odi
721 3194 807 3239 ego
838 3201 957 3239 quos
988 3202 1245 3241 numquam
1277 3197 1489 3241 pungunt
1521 3188 1718 3240 suspiria
1749 3203 1940 3234 somnos

461 3279 555 3324 Pro
584 3295 721 3333 quos
753 3280 799 3325 Ο
830 3280 1004 3326 habent
1034 3296 1206 3333 quae,
1238 3282 1367 3334 quod
1399 3282 1568 3327 iniuria
1597 3290 1790 3326 tuentur
1822 3282 2079 3336 Postgatius
2099 3283 2169 3338 (in

460 3373 570 3418 edit.
620 3371 759 3432 1894)
805 3382 851 3419 et
896 3375 1183 3421 Phillimore.
1232 3375 1432 3429 Paleyus
1475 3384 1521 3420 et
1551 3376 1797 3421 Vahlenus
1827 3392 1854 3422 c
1871 3392 1901 3422 u
1919 3392 1966 3422 m
1998 3378 2170 3432 legunt,

464 3476 514 3513 ut
546 3468 646 3514 Itali
678 3468 994 3515 coniecerunt.
