2566 3886
326 844 397 889 28.

328 2272 399 2318 29.

334 3038 406 3083 40.

1123 241 1391 287 —344—

463 370 694 423 weidgen
725 368 945 428 (Quaest.
979 369 1172 428 Prop.):
1205 372 1383 417 lucus
1426 372 1530 417 ubi
1568 373 1858 418 umbroso
1895 381 2176 427 segregat

461 480 490 509 o
503 481 527 509 r
540 465 570 509 b
584 481 611 509 e
652 481 683 509 n
695 481 722 510 e
736 481 783 509 m
797 481 827 510 u
841 480 862 510 s
903 466 1168 519 proposuit;
1201 482 1322 521 quae
1354 467 1623 512 coniectura
1653 468 1953 513 incommoda
1982 467 2177 513 minime

461 560 590 605 tollit.
622 559 907 606 Sententiam
939 570 1067 606 recte
1098 563 1296 608 restituit
1327 563 1629 608 Fonteinius:

611 671 774 701 murus
805 656 886 701 ubi
918 656 1194 702 umbrosum
1227 666 1461 710 saepserat
1491 658 1607 703 orbe
1641 672 1822 702 nemus.

459 845 606 898 putris
637 846 832 890 odorato
863 847 1045 891 luxerat
1075 847 1181 901 igne
1213 862 1319 892 casa

461 940 774 985 Baehrensius
826 941 1014 986 Heinsii
1061 942 1330 987 coniectura
1374 942 1549 987 turis
1594 957 1682 994 pro
1728 941 1945 994 putris
1991 949 2179 995 recepta

459 1051 650 1080 versum
683 1036 815 1089 legit:

611 1130 726 1175 turis
757 1133 952 1177 odorato
984 1133 1064 1177 lux
1096 1141 1194 1177 erat
1225 1132 1331 1186 igne
1363 1147 1492 1185 casa3

461 1225 744 1278 Postgatius:

611 1322 726 1366 turis
758 1323 953 1367 odorato
984 1323 1165 1367 luxerat
1197 1323 1301 1376 igne
1332 1338 1451 1367 casa.

460 1415 552 1461 Sed
585 1417 676 1460 iam
709 1432 834 1462 anno
868 1417 981 1462 1883
1016 1418 1324 1471 Rossbergius
1348 1427 1526 1463 textum
1543 1419 1763 1463 traditum
1790 1417 2182 1472 praestantissime

461 1512 670 1556 defendit
715 1510 808 1570 (N.
851 1512 1014 1557 Jahrb.
1054 1512 1218 1557 Fleck.
1258 1511 1413 1570 1883),
1452 1514 1532 1567 qui
1570 1522 1697 1558 recte
1735 1522 1869 1567 negat
1906 1521 1980 1558 tus
2011 1513 2182 1558 ardens

460 1607 614 1651 lucem
662 1607 788 1651 dare.
837 1606 882 1651 O
901 1608 931 1651 d
949 1622 977 1652 o
994 1617 1138 1652 rato
1185 1608 1290 1661 ign
1307 1624 1334 1653 e
1380 1609 1579 1662 explicat
1625 1618 1893 1662 comparato
1939 1608 2182 1653 notissimo

460 1704 564 1747 loco
596 1702 791 1756 Vergilii
824 1700 974 1760 (Aen.
1006 1703 1103 1747 VII
1139 1701 1245 1761 13):
1278 1701 1475 1762 (Circe)
1500 1704 1593 1749 urit
1609 1705 1850 1749 odoratam
1882 1712 2111 1748 nocturna
2132 1703 2181 1748 in

460 1798 638 1842 lumina
668 1799 890 1851 cedrum;
928 1799 1101 1843 deinde
1139 1799 1404 1844 luxerat
1441 1815 1467 1844 a
1505 1800 1654 1845 verbo
1682 1798 1951 1844 lucescendi
1986 1798 2181 1843 derivat.

460 1892 634 1937 Totum
667 1902 822 1937 autem
854 1908 1045 1938 versum
1063 1892 1349 1939 Germanice
1371 1895 1437 1939 sic
1454 1894 1619 1939 vertit:
1647 1893 1754 1946 „die
1770 1893 2013 1947 bauffillige
2031 1893 2182 1939 Hiitte

462 1988 587 2031 hatte
618 2003 680 2032 zu
712 1988 930 2033 leuchten
954 1989 1241 2042 angefangen
1273 1986 1345 2047 (d.
1359 1990 1405 2034 h.
1425 2005 1524 2034 war
1545 1990 1666 2034 eben
1684 1990 1942 2034 erleuchtet
1957 1985 2182 2046 worden)

461 2083 613 2126 durch
646 2082 804 2128 Feuer
834 2099 929 2128 von
960 2085 1394 2130 wohlriechendem
1427 2085 1601 2130 Holz''.

462 2274 662 2325 populus
694 2282 740 2318 et
770 2274 917 2327 longis
948 2275 1142 2320 ornabat
1172 2275 1418 2320 frondibus
1449 2276 1630 2320 aedem.

464 2367 633 2420 Populi
677 2369 786 2413 folia
831 2385 927 2414 non
974 2371 1032 2415 lo
1049 2387 1079 2415 n
1097 2380 1124 2424 g
1140 2387 1166 2416 a
1212 2372 1305 2416 dici
1351 2386 1488 2425 posse
1531 2371 1731 2425 quisque
1762 2370 1860 2422 scit,
1892 2369 1972 2424 qui
2005 2370 2053 2414 in
2083 2377 2182 2414 arte

463 2462 678 2507 botanica
709 2478 805 2508 non
836 2465 974 2516 plane
1005 2466 1176 2518 hospes
1207 2474 1299 2518 est3
1332 2466 1446 2518 quid
1478 2474 1633 2510 autem
1665 2465 1723 2510 sit
1752 2465 1811 2509 fr
1829 2479 1945 2509 ons
1987 2464 2183 2517 longa

464 2572 560 2601 non
583 2566 730 2610 patet:
754 2573 849 2603 vox
871 2569 1091 2612 corrupta
1121 2560 1335 2613 videtur;
1367 2560 1644 2605 Fonteinius
1676 2561 1706 2604 d
1724 2576 1750 2605 e
1767 2576 1798 2605 n
1814 2560 1916 2612 sis,
1949 2560 2183 2605 Baehren-

465 2653 560 2697 sius
598 2654 820 2707 largis,
853 2664 1052 2709 utroque
1084 2656 1251 2701 melius
1284 2656 1590 2701 Housmanus
1621 2655 1862 2709 proposuit
1880 2653 2023 2714 (JPh.
2045 2654 2182 2707 XVI,

466 2763 510 2800 p.
546 2746 627 2806 15)
670 2749 942 2802 glaucis,
988 2751 1116 2804 quod
1148 2751 1432 2796 adiectivum
1464 2751 1639 2803 optime
1670 2751 1815 2805 pingit
1845 2751 1991 2796 nitida
2022 2750 2183 2803 populi

466 2843 596 2895 folia3
629 2844 906 2896 glaucae
951 2845 1232 2890 frondes
1264 2846 1323 2890 cf.
1355 2846 1461 2890 Val.
1494 2845 1649 2890 Flacc.
1682 2846 1768 2897 ΙΙΙ,
1800 2845 1901 2891 436.

469 3047 514 3083 et
546 3054 804 3093 numquam
837 3040 896 3084 ad
929 3049 1058 3085 vatas
1090 3040 1218 3085 irrita
1248 3042 1340 3086 tela
1369 3041 1506 3086 feras.

467 3143 644 3178 vatas
689 3133 765 3186 N;
809 3143 988 3180 natas
1031 3135 1099 3188 F;
1144 3151 1376 3181 vacuas
1420 3135 1531 3180 DV.

469 3229 782 3274 Baehrensius
813 3239 859 3274 et
893 3230 1200 3275 Housmanus
1232 3231 1308 3275 hic
1339 3247 1367 3275 a
1398 3231 1495 3275 DV
1525 3231 1917 3284 proficiscendum
1949 3245 2052 3276 esse
2096 3228 2182 3275 rati

469 3339 556 3376 pro
587 3339 815 3369 vacuas
846 3340 954 3370 cum
988 3324 1208 3370 Santenio
1240 3341 1472 3370 nocuas
1503 3325 1726 3370 scribunt.

469 3417 561 3463 Sed
594 3420 684 3463 hoc
715 3434 905 3472 quoque
936 3420 1041 3465 loco
1073 3419 1441 3473 Neapolitanum
1458 3420 1649 3474 vestigia
1664 3420 1765 3465 veri
1788 3419 1955 3465 melius
1970 3433 2182 3465 servasse
