2566 3886
1119 272 1354 318 ,93-

445 408 744 462 Quamquam
776 422 884 452 cum
917 406 1280 451 Fleischmanno
1311 405 1455 450 credo
1487 404 1613 449 viros
1645 404 1807 449 doctos
1839 403 1953 448 falso
1970 412 2073 456 post
2089 418 2159 448 vs.

444 503 500 547 12
547 512 594 548 et
643 502 699 547 16
746 502 875 556 signa
920 502 1116 546 lacunae
1152 515 1342 554 ponere,
1374 499 1474 544 eius
1506 498 1826 552 interpretatio
1858 499 1972 543 mihi
2005 499 2160 544 minus

443 600 607 652 placet.
655 597 781 643 Nam
823 597 1098 642 exclamatio
1140 596 1255 641 mihi
1298 597 1388 640 hoc
1432 596 1536 640 loco
1579 595 1652 640 his
1695 594 1910 641 versibus
1941 610 2162 648 expressa

445 695 584 739 valde
630 694 851 746 languere
892 692 1093 744 videtur,
1131 691 1404 744 praesertim
1437 699 1629 743 propter
1659 690 1867 736 nimiu
1884 706 1945 735 m.
1978 689 2024 735 Si
2056 691 2161 744 quis

446 789 600 835 subito
646 788 869 842 intelligit,
915 802 1057 842 quam
1100 787 1297 841 turpiter
1337 787 1562 840 deceptus
1594 786 1651 831 sit
1681 801 1708 831 a
1740 786 1895 840 puella
1926 801 2064 838 „nam
2096 786 2162 831 sic

443 884 582 929 etiam
622 882 868 928 Rothstein
900 883 1056 927 locum
1087 882 1442 935 interpretatur:
1476 881 1665 933 „indem
1688 895 1742 926 er
1758 880 1833 926 bei
1852 882 1938 926 der
1952 880 2163 934 Vergan·

445 979 627 1024 senheit
657 978 882 1030 verweik,
914 979 1115 1023 erkennt
1145 993 1199 1022 er
1229 986 1323 1022 erst
1352 976 1479 1030 ietzt,
1511 977 1620 1022 dass
1651 977 1718 1022 sie
1734 976 1832 1021 ihm
1849 978 1970 1022 auch
1986 978 2163 1022 damals

446 1074 577 1119 seine
625 1073 773 1118 Liebe
804 1074 950 1118 slecht
980 1072 1170 1126 gelohnt
1199 1072 1306 1117 hat”
1338 1087 1433 1116 non
1466 1080 1559 1117 tam
1588 1072 1816 1126 languidis
1838 1072 1997 1118 verbis
2021 1073 2164 1118 utitur

445 1177 600 1222 ergo
646 1167 841 1212 nimis
872 1168 1126 1212 stultus
1157 1167 1265 1212 tui.
1298 1166 1426 1218 Quid
1460 1165 1639 1220 igitur?
1671 1166 1978 1221 „Numquam
2010 1193 2069 1199 —
2098 1168 2163 1213 sic

445 1271 583 1316 poeta
612 1287 670 1294 —
700 1262 883 1308 dixisti:
914 1263 1058 1315 Amo,
1090 1261 1326 1315 Cynthia;
1360 1271 1407 1307 et
1437 1277 1578 1316 quam
1610 1262 1673 1307 ob
1705 1278 1805 1308 rem
1823 1262 1850 1308 P
1881 1279 1995 1308 num
2027 1264 2164 1318 igitur

446 1358 584 1403 nimis
614 1358 840 1403 audacem
870 1373 946 1402 me
977 1367 1088 1411 gero
1101 1355 1155 1415 l)‚
1181 1357 1262 1411 qui
1293 1365 1386 1401 tam
1416 1358 1586 1402 multos
1617 1372 1766 1402 annos
1793 1360 2164 1411 exspectaverim

446 1453 483 1498 si
530 1469 606 1498 me
652 1462 860 1498 amatura
905 1468 1054 1498 esses:
1101 1453 1192 1498 iam
1212 1450 1255 1510 3)
1298 1452 1463 1498 dubito
1508 1452 1659 1498 simne
1691 1452 1774 1498 tibi
1806 1469 2014 1507 unquam
2046 1455 2166 1500 liber

446 1549 589 1602 visuS,
620 1564 679 1594 an
711 1564 861 1603 usque
892 1565 969 1595 me
1001 1564 1087 1602 pro
1118 1564 1257 1594 servo
1289 1558 1370 1594 tuo
1401 1549 1616 1594 habitura
1639 1549 1715 1602 sis,
1747 1550 1861 1604 quin
1878 1550 2017 1595 etiam
2035 1559 2165 1596 certo

446 1645 543 1690 scio
586 1653 632 1689 te
675 1660 862 1698 semper
892 1645 1143 1699 superbam
1174 1645 1222 1690 in
1255 1660 1331 1690 me
1363 1645 1477 1697 fore,
1509 1660 1664 1699 neque
1697 1661 1904 1700 unquam
1937 1662 2014 1692 me
2044 1661 2166 1691 ama-

446 1741 640 1786 turam.’'

447 1835 690 1881 Transitus
706 1835 765 1880 ad
782 1850 948 1882 versus
964 1845 1213 1890 sequentes
1228 1834 1313 1894 (17
1330 1833 1445 1894 sqq)
1461 1836 1632 1890 cuique
1649 1837 1938 1890 perspicuus.
1950 1835 2165 1882 Sentiens

447 1946 497 1975 se
528 1930 629 1975 sine
661 1929 869 1983 Cynthia
899 1930 1063 1975 vivere
1094 1946 1190 1976 non
1222 1945 1384 1983 posse:
1418 1929 1522 1982 „Sic
1554 1930 1691 1984 igitur
1707 1931 1858 1983 prima
1874 1932 2077 1977 moriere
2092 1948 2165 1978 ae-

447 2034 554 2077 tate,
587 2025 830 2078 Properti”
861 2026 1102 2070 exclamat.

450 2120 526 2165 De
557 2120 861 2174 sequentibus
893 2120 1050 2165 brevis
1081 2135 1184 2166 esse
1216 2135 1422 2173 possum,
1444 2136 1552 2166 nam
1569 2122 1810 2175 quomodo
1826 2122 1985 2167 omnia
2000 2123 2165 2168 cohae-

450 2224 597 2268 reant,
629 2215 751 2261 bene
782 2215 1064 2269 explicatum
1086 2224 1156 2261 est
1178 2216 1237 2260 ab
1254 2216 1424 2261 eodem
1442 2215 1808 2262 Fleischmanno
1825 2214 2165 2276 (Quaestiones

450 2310 783 2363 Propertianae
816 2311 852 2363 1,
884 2326 930 2365 p.
962 2309 1060 2369 20),
1092 2311 1172 2365 qui
1204 2320 1367 2356 contra
1396 2311 1599 2357 Keilium
1615 2311 1824 2366 aliosque
1840 2321 1968 2358 recte
1985 2313 2166 2358 monuit

449 2405 609 2458 verba,
656 2421 873 2458 „mecum
917 2406 1131 2451 moriaris
1162 2406 1374 2459 oportet’'
1406 2422 1502 2451 non
1534 2407 1595 2452 de
1626 2408 1827 2460 aemulo,
1859 2408 1942 2453 sed
1974 2408 2035 2452 de
2066 2407 2166 2460 ipsa

451 2500 660 2554 Cynthia
690 2501 814 2546 dicta
844 2516 962 2554 esse,
994 2517 1103 2547 nam
1135 2502 1371 2547 aemulum
1401 2502 1691 2548 interfecisse
1719 2518 1816 2548 non
1833 2511 1902 2548 est
1918 2503 2165 2548 inhonesta

450 2610 591 2648 morS,
622 2605 668 2641 at
698 2596 999 2643 inhonestum
1032 2607 1102 2643 est
1132 2599 1317 2651 puellae
1348 2606 1549 2643 mortem
1582 2598 1759 2644 inferre
1776 2596 1860 2656 (cf.
1877 2598 2022 2652 Verg.
2038 2599 2163 2644 Aen.

452 2691 513 2743 II,
546 2688 674 2749 583).

449 2785 525 2831 Sic
567 2787 704 2840 igitur
743 2802 933 2832 carmen
965 2788 1172 2833 decurrit
1201 2797 1306 2841 post
1339 2787 1420 2833 16:
1447 2788 1693 2858 3,Morere,
1725 2788 1956 2842 Properti,
1987 2789 2167 2834 etiamsi

451 2890 531 2926 tuo
561 2882 750 2927 interitu
781 2883 978 2936 gaudeat
1007 2882 1229 2936 Cynthia.
1262 2883 1472 2936 Morere,
1504 2892 1555 2929 ut
1585 2892 1798 2929 mortuus
1831 2893 1900 2929 est
1930 2883 2167 2936 Haemon,

453 2976 536 3020 sed
566 2984 631 3028 tu,
663 2975 871 3028 Cynthia
901 2992 996 3022 non
1028 2977 1264 3030 gaudebis,
1294 2993 1402 3023 nam
1434 2987 1480 3022 te
1510 2977 1767 3023 occidam.”

453 3069 658 3123 „Neque
676 3067 719 3128 ⁸)
764 3079 921 3116 tamen
985 3071 1097 3124 fugit
1150 3080 1352 3125 poetam,
1399 3087 1508 3117 cum
1555 3072 1618 3117 ita
1662 3071 1822 3117 verbis
1867 3072 1915 3116 in
1962 3072 2165 3125 puellam

452 3164 667 3216 saeviret,
714 3165 811 3210 irae
856 3180 908 3210 se
953 3165 1093 3211 nimis
1138 3166 1400 3212 indulsisse.
1448 3166 1611 3218 Quare
1658 3181 1884 3211 excusare
1929 3181 1980 3211 se
2011 3167 2167 3212 studet

372 3311 403 3356 ¹)
453 3315 637 3348 Hartman
661 3315 942 3355 interpretatur:
968 3316 1071 3357 „Ben
1097 3316 1137 3350 ik
1163 3327 1264 3350 coms
1291 3324 1327 3350 te
1354 3317 1623 3358 aanmatigend‚
1648 3328 1671 3351 ο
1697 3316 1976 3358 gevoellooze.”

371 3380 403 3426 ¹)
454 3385 680 3420 Lachmanni
704 3386 829 3420 verbi·
854 3393 950 3420 utor.

370 3451 403 3497 ⁸)
454 3455 727 3490 Fleiachmanni
751 3457 876 3492 verbi·
901 3464 997 3492 utor.
