2566 3886
372 1353 443 1398 74.

370 2056 441 2102 78.

366 2463 438 2509 79.

1173 237 1438 283 -336-

511 367 751 420 quomodo
797 376 935 420 poeta
980 367 1139 413 dicere
1185 376 1338 421 potest
1381 368 1580 414 feminas
1625 369 1725 414 illas
1769 371 1830 416 de
1862 371 2101 417 amoribus
2131 373 2226 418 suis

511 462 654 515 loqui,
685 477 793 507 cum
826 471 1050 516 queratur
1080 462 1393 508 Andromeda
1406 464 1466 509 de
1483 464 1672 517 catenis,
1690 465 2035 519 Hypermestra
2050 468 2227 513 scelera

510 571 739 609 sororum,
771 572 902 602 suam
934 557 1250 602 innocentiam
1282 557 1476 603 narret?

509 651 601 697 Sed
634 668 774 706 quam
807 652 943 697 facile
975 662 1250 707 corruptum
1282 668 1386 698 esse
1403 653 1559 698 locum
1577 654 1913 707 demonstrare,
1930 663 2023 700 tam
2041 655 2226 701 difficile

508 757 683 793 certam
746 749 1010 802 excogitare
1074 748 1440 800 correctionem;
1488 748 1709 802 equidem
1741 749 1867 801 vitia,
1920 765 2040 803 quae
2087 765 2227 804 supra

510 844 783 895 monstravi,
815 844 992 896 optime
1024 844 1218 888 fortasse
1250 843 1316 888 sic
1348 843 1589 888 emendari
1621 852 1757 896 puto:

508 937 584 983 Sic
615 939 828 983 multis
859 938 1062 984 lacrimis
1093 938 1217 983 vitae
1249 953 1467 983 sanamus
1498 953 1702 983 amara

512 1033 826 1078 Luetiohanni
861 1033 1229 1086 Marklandique
1261 1048 1373 1078 usus
1404 1033 1621 1078 inventis.

506 1129 555 1174 A
569 1144 616 1174 m
630 1144 660 1174 o
673 1145 697 1173 r
710 1144 737 1174 e
748 1144 770 1173 s
816 1137 863 1173 et
908 1144 936 1173 a
950 1144 996 1173 m
1011 1144 1038 1173 a
1051 1144 1075 1173 r
1087 1144 1115 1174 a
1144 1130 1315 1174 eodem
1347 1128 1448 1173 fere
1480 1130 1624 1173 modo
1656 1137 1876 1182 corrupta
1905 1128 2225 1182 inveniuntur,

506 1223 543 1268 si
576 1233 704 1269 recte
737 1223 987 1277 disputavi,
1019 1224 1185 1269 eadem
1218 1224 1306 1269 hac
1337 1223 1496 1277 elegia,
1527 1239 1574 1269 v.
1606 1223 1648 1268 5.

506 1353 617 1399 Hoc
661 1369 802 1400 versu
835 1370 930 1399 non
962 1363 1090 1400 recte
1121 1362 1342 1407 corrupta
1372 1353 1605 1399 habentur
1635 1355 1807 1399 verba:
1849 1355 2071 1408 potuit,
2111 1371 2223 1401 nec

508 1448 626 1493 tibi
670 1464 859 1494 avara
902 1449 1044 1502 iuit3
1088 1464 1175 1502 pro
1218 1449 1425 1502 potuit
1465 1449 1591 1494 enim
1625 1449 1952 1502 BaehrensiuS,
1995 1450 2077 1504 qui
2122 1450 2223 1503 ipse

507 1544 776 1589 dubitanter
817 1543 1061 1598 proposuit
1106 1543 1326 1596 doluit,
1374 1559 1482 1588 cum
1517 1544 1642 1588 Italis
1673 1545 1820 1589 edidit
1865 1545 2082 1597 patuit.
2129 1544 2223 1591 Sed

505 1649 632 1684 recte
678 1655 729 1684 se
770 1639 911 1684 habet
951 1640 1089 1684 lectio
1133 1639 1194 1692 O,
1239 1648 1290 1684 ut
1334 1639 1611 1684 Phillimorii
1649 1655 1839 1693 quoque
1870 1640 2027 1685 versio
2058 1641 2221 1686 docet:

506 1736 619 1787 „she
647 1735 740 1780 had
768 1735 848 1780 the
878 1750 1055 1787 power,
1087 1735 1180 1779 and
1212 1750 1307 1787 you
1338 1749 1488 1779 never
1518 1735 1664 1779 found
1696 1735 1783 1779 her
1813 1736 2082 1780 covetous”.
2114 1735 2222 1781 Par-

504 1831 711 1876 theniam
743 1831 974 1876 nutricem
1003 1831 1128 1883 apud
1161 1829 1417 1883 Cynthiam
1449 1830 1498 1875 in
1523 1839 1691 1884 magno
1722 1829 1864 1875 fuisse
1895 1831 2076 1876 honore
2100 1846 2222 1876 eam-

504 1942 598 1980 que
629 1926 691 1971 ob
722 1941 910 1971 causam
942 1925 1183 1971 avaritiam
1203 1941 1335 1971 suam
1355 1926 1546 1979 explere
1562 1925 1769 1979 potuisse
1784 1933 1907 1970 totus
1923 1925 2054 1971 locus
2069 1925 2220 1971 docet.

504 2056 619 2102 Non
651 2057 967 2101 necessarium
999 2056 1114 2101 mihi
1146 2056 1335 2101 videtur
1366 2071 1475 2101 cum
1494 2055 1782 2100 Baehrensio
1803 2055 2048 2101 conicere:
2080 2070 2220 2108 „urez

503 2152 617 2197 mihi
648 2153 811 2198 laudes
842 2167 920 2197 me
951 2151 1052 2197 sine
1083 2152 1259 2197 habere
1291 2152 1462 2196 meas'’.
1495 2150 1599 2196 Cur
1629 2149 1722 2195 dici
1753 2165 1849 2195 non
1866 2159 2039 2204 potest:
2057 2151 2220 2197 desine

506 2247 681 2292 diutius
713 2262 769 2292 ea
799 2247 1055 2301 possidere,
1088 2262 1209 2300 quae
1241 2261 1347 2291 mea
1376 2245 1520 2291 sunt?

506 2341 635 2396 Lego
667 2342 824 2395 igitur:
856 2357 942 2386 ure
974 2342 1112 2386 mihi:
1144 2342 1307 2386 laudes
1339 2341 1502 2386 desine
1532 2340 1708 2386 habere
1740 2355 1881 2386 meas.

500 2473 818 2518 pugnante
850 2463 1149 2516 corymbo
1180 2463 1319 2508 nimis
1350 2463 1551 2508 obscure
1582 2462 1759 2507 dictum
1790 2477 1878 2515 pro
1901 2471 2218 2517 pugnante

498 2575 633 2605 cum
655 2559 902 2610 hedera,
925 2559 1003 2604 vel
1025 2573 1158 2603 cum
1182 2558 1373 2603 foliis.
1396 2558 1576 2603 Veram
1590 2557 1840 2602 lectionem
1855 2557 2216 2604 Cornelissenus

498 2654 733 2707 reposuit:
777 2662 1167 2708 praegnante
1210 2653 1508 2706 corymbo
1550 2650 1684 2709 (Mn.
1728 2651 1842 2698 N.S.
1885 2654 1979 2698 vol.
2025 2652 2137 2705 VII,
2168 2668 2214 2707 p.

500 2747 611 2807 108)
642 2750 701 2795 cf.
734 2749 829 2795 Ov.
862 2749 981 2794 Met.
1014 2748 1101 2800 111,
1133 2747 1246 2793 664:

615 2844 878 2897 impediunt
908 2844 1113 2889 hederae
1144 2857 1301 2889 remos
1332 2857 1554 2896 nexuque
1582 2857 1798 2888 recurvo.

613 2948 808 2992 serpunt
837 2948 884 2984 et
914 2948 942 2992 g
956 2954 982 2984 r
996 2954 1024 2984 a
1038 2954 1070 2983 v
1087 2939 1102 2984 i
1120 2939 1151 2984 d
1169 2938 1185 2984 i
1200 2954 1223 2984 s
1253 2938 1543 2992 distinguunt
1572 2939 1681 2983 vela
1710 2937 1962 2991 corymbis.

497 3034 687 3080 Colum.
719 3033 782 3086 X,
814 3033 927 3078 379:
958 3034 1133 3087 gelidas
1163 3049 1250 3086 per
1279 3033 1500 3087 graminis
1530 3033 1722 3079 umbras

732 3130 931 3174 intortus
962 3129 1186 3181 cucumis,
1218 3145 1250 3183 p
1261 3145 1285 3174 r
1295 3145 1323 3174 a
1333 3144 1360 3174 e
1371 3138 1398 3183 g
1409 3145 1440 3174 n
1451 3144 1479 3174 a
1492 3145 1522 3174 n
1537 3143 1559 3174 s
1570 3143 1602 3182 q
1614 3144 1646 3173 u
1659 3143 1687 3173 e
1720 3127 1963 3173 cucurbita
1993 3126 2149 3180 serpit.

496 3223 671 3270 Totum
702 3233 859 3270 autem
892 3225 1125 3271 distichon
1155 3225 1222 3270 sic
1252 3225 1416 3270 edam:

500 3320 623 3373 pelle
654 3320 880 3365 hederam
911 3320 1106 3372 tumulo,
1137 3319 1252 3365 mihi
1283 3334 1405 3372 quae
1435 3326 1717 3372 praegnante
1746 3316 1974 3370 corymbo

612 3415 771 3460 mollia
801 3414 1025 3460 contortis
1055 3413 1195 3467 illigat
1225 3428 1330 3459 ossa
1358 3412 1518 3459 comis.
