2566 3886
357 2198 425 2243 11.

358 2491 428 2536 12.

359 2867 428 2912 19.

1134 271 1397 318 —275—

478 406 660 451 Mirum
698 420 814 458 esse,
846 405 884 450 si
915 420 1057 450 versu
1088 413 1256 449 octavo
1298 419 1385 448 am
1400 404 1452 448 ic
1466 419 1493 448 a
1533 403 1772 455 adiciatur,
1819 411 2066 455 postquam
2098 402 2189 447 iam

478 500 778 554 praecedenti
809 515 950 544 versu
982 500 1042 544 de
1073 514 1129 544 ea
1156 514 1312 544 sermo
1333 499 1488 551 fuerit,
1510 499 1710 552 quisque
1733 498 1974 542 concedet.
1992 496 2194 552 Scaliger

481 595 618 648 igitur
660 609 746 647 pro
777 595 968 639 amica
1011 595 1253 639 amicta
1289 594 1545 647 proposuit,
1579 594 1707 646 quod
1739 592 1975 645 plerisque
2006 592 2192 644 placuit.

482 688 798 742 Hertzbergio
828 697 983 733 tamen
1021 703 1117 733 non
1154 688 1395 742 persuasit.
1431 688 1478 732 Is
1515 687 1697 732 scribit:
1737 687 1860 739 „Pro
1898 687 2092 731 amica
2128 687 2194 731 in-

480 783 669 837 geniose
700 782 901 837 Scaliger
942 783 1181 828 amicta.
1219 782 1312 828 Sed
1344 782 1682 827 dubitationem
1714 790 1874 827 movet
1904 782 2018 826 illud
2051 782 2113 833 ip
2130 796 2151 826 s
2167 796 2194 826 e

480 876 553 936 (v.
584 876 638 936 6)
669 887 763 923 tam
795 878 929 923 brevi
960 878 1206 923 intervallo
1236 875 1368 935 (post
1398 892 1444 921 v.
1476 874 1531 935 4)
1576 877 1840 929 repetitum,
1884 891 1979 929 quo
2024 876 2086 920 id
2104 891 2194 920 em

482 973 513 1017 d
529 988 556 1017 e
573 988 604 1018 u
621 987 657 1024 s,
688 973 770 1025 qui
789 973 998 1018 flammas
1014 973 1172 1024 nutrit,
1194 972 1331 1017 simul
1348 987 1490 1017 saevo
1506 972 1811 1017 abstinentiae
1828 972 2026 1024 imperio
2058 971 2117 1023 ip
2131 986 2152 1016 s
2169 986 2195 1015 e

482 1067 771 1112 cruciare
815 1076 1071 1112 amatorem
1115 1067 1409 1120 significatur.
1454 1067 1617 1121 Itaque
1660 1068 1788 1120 quod
1820 1067 2196 1119 interpunctione

482 1162 700 1214 indicavi,
731 1162 993 1206 subiectum
1026 1162 1175 1206 deus
1206 1162 1345 1206 etiam
1378 1177 1464 1214 per
1494 1177 1539 1206 v.
1558 1161 1583 1205 7
1615 1162 1852 1214 pertinere
1883 1162 2098 1206 censeo”.
2122 1159 2197 1205 Sic

483 1256 609 1301 enim
629 1257 894 1301 necessario
909 1257 1018 1301 addi
1035 1271 1213 1301 novum
1236 1256 1585 1301 nominativum
1610 1272 1636 1301 a
1650 1256 1764 1301 mic
1778 1271 1805 1301 a
1836 1265 1978 1308 putat.
2002 1254 2197 1309 Nugae!

484 1350 646 1396 Scribe
692 1366 801 1396 cum
846 1351 942 1395 DV
982 1351 1094 1396 ille
1131 1349 1217 1409 (cf.
1256 1351 1343 1403 ΙΙΙ,
1378 1351 1447 1403 10,
1478 1350 1565 1396 28:
1598 1351 1674 1396 ille
1706 1349 1849 1408 puer)
1881 1360 1927 1395 et
1958 1351 2198 1403 apparebit

485 1445 702 1500 Scaligeri
733 1446 1049 1491 coniecturam
1082 1446 1374 1490 verissimam
1406 1461 1523 1492 esse.

483 1541 587 1586 vix
632 1550 835 1586 tamen
881 1550 984 1586 aut
1029 1542 1222 1586 semel
1267 1556 1376 1586 cum
1420 1541 1685 1585 Hartmano
1731 1549 1777 1585 et
1823 1540 2055 1593 Postgatio
2101 1555 2200 1586 cor-

484 1644 620 1688 rupta
649 1635 826 1687 habeo;
859 1651 983 1688 nam,
1012 1636 1050 1681 si
1070 1651 1178 1681 cum
1213 1636 1507 1681 Rothsteinio
1538 1637 1641 1681 vix
1671 1636 2034 1689 interpretamur
2065 1652 2199 1688 non,

485 1729 601 1774 nihil
632 1730 744 1774 dicit
775 1739 925 1783 poeta.

486 1824 847 1870 Comelissenus
879 1826 1117 1879 ingeniose
1158 1826 1357 1871 coniecit
1389 1827 1513 1878 „bis
1556 1834 1712 1870 tamen
1745 1835 1823 1871 aut
1853 1827 2042 1871 semel'’.
2076 1825 2201 1871 Mihi

486 1920 534 1964 in
566 1928 773 1964 mentem
805 1920 959 1964 venit:
992 1921 1072 1966 vix
1104 1930 1259 1966 tamen
1291 1936 1318 1966 a
1349 1922 1518 1973 semel;
1551 1922 1676 1966 idem
1709 1922 1874 1966 vitium
1906 1923 2109 1967 occurrit
2140 1922 2202 1974 ΙΙ,

487 2013 528 2066 3,
560 2014 632 2066 45,
664 2014 744 2059 ubi
777 2029 863 2067 pro
893 2024 996 2060 aut
1028 2016 1175 2060 mihi
1207 2030 1316 2068 eqs:
1348 2031 1374 2060 a
1406 2016 1557 2060 mihi
1589 2017 1841 2069 legendum
1874 2025 1956 2061 est.

487 2198 582 2243 Pro
625 2213 651 2243 a
664 2213 691 2243 e
705 2214 736 2252 q
749 2214 780 2243 u
794 2213 823 2243 o
836 2214 860 2242 r
873 2214 900 2243 e
940 2196 1190 2257 (NLDV)
1232 2215 1258 2244 a
1271 2215 1298 2245 e
1311 2215 1342 2253 q
1357 2216 1387 2244 u
1401 2215 1430 2244 o
1444 2215 1468 2244 r
1480 2215 1507 2244 a
1549 2197 1645 2258 (F)
1691 2201 1940 2253 legendum
1973 2216 2076 2246 esse
2107 2216 2202 2245 non

488 2308 746 2345 monerem,
778 2294 865 2338 nisi
900 2293 1216 2339 Phillimorius
1238 2295 1408 2339 bonam
1427 2295 1597 2339 codicis
1614 2295 1654 2339 F
1673 2295 1919 2340 lectionem
1937 2296 2202 2348 sprevisset.

490 2493 566 2537 De
608 2494 696 2538 hoc
737 2510 878 2540 versu
923 2496 1207 2541 conferenda
1249 2506 1318 2541 est
1349 2498 1523 2549 optima
1554 2498 1804 2549 disputatio
1842 2498 1931 2541 viri
1963 2498 2204 2542 clarissimi

490 2586 685 2632 Damste
727 2585 861 2646 (Mn.
906 2588 1018 2634 N.S.
1057 2589 1128 2642 26,
1161 2606 1205 2643 p.
1242 2591 1325 2636 176
1356 2592 1479 2646 sqq),
1512 2593 1593 2644 qui
1626 2593 1794 2636 merito
1825 2593 1983 2636 reiecit
2017 2591 2204 2636 Heinsii

489 2681 799 2728 coniecturam
832 2685 967 2736 pari
998 2699 1086 2738 pro
1117 2700 1312 2738 pares.

490 2869 662 2915 deinde
693 2886 779 2923 per
810 2871 995 2917 Ionium
1027 2883 1191 2918 vectus
1222 2889 1331 2918 cum
1363 2874 1485 2918 fessa
1518 2877 1736 2920 Lechaeo

558 2965 729 3009 sedarit
759 2966 942 3017 placida
971 2968 1078 3012 vela
1107 2969 1324 3019 phaselus
1355 2983 1489 3021 aqua.

491 3057 618 3102 Cum
651 3059 692 3102 L
708 3073 735 3103 e
751 3074 777 3103 c
794 3061 825 3103 h
841 3075 869 3104 a
884 3075 911 3104 e
927 3076 957 3104 o
979 3062 1094 3105 nihil
1110 3062 1253 3114 possit
1276 3077 1378 3107 esse
1394 3063 1482 3106 nisi
1498 3063 1797 3115 adiectivum,
1829 3079 1876 3107 m
1893 3079 1920 3108 a
1935 3080 1959 3108 r
1975 3079 2002 3108 e
2033 3074 2204 3117 autem,

491 3153 619 3204 quod
652 3153 972 3199 Rothsteinius
1003 3156 1117 3207 vult,
1149 3156 1367 3207 supplere
1399 3171 1493 3200 non
1526 3156 1674 3208 liceat,
1707 3157 2009 3203 scribendum
2041 3168 2110 3203 est
2127 3169 2205 3204 aut

494 3246 535 3290 L
553 3261 580 3291 e
596 3261 622 3291 c
639 3248 670 3291 h
687 3262 714 3291 a
729 3248 787 3292 ei
819 3263 927 3293 cum
960 3248 1151 3301 Guyeto
1182 3258 1260 3294 aut
1292 3250 1333 3293 L
1349 3265 1376 3294 e
1393 3266 1419 3294 c
1436 3251 1467 3294 h
1484 3266 1510 3295 a
1526 3267 1552 3296 e
1570 3266 1597 3296 a
1627 3267 1736 3296 cum
1769 3253 2014 3306 Postgatio.
2043 3254 2204 3305 Quare

495 3340 800 3386 Lechaea
851 3343 1149 3388 verisimilius
1186 3344 1256 3395 sit,
1300 3345 1398 3396 ipse
1443 3346 1700 3399 Postgatius
1733 3349 1898 3392 doceat
1928 3346 2060 3406 (CR.
2092 3348 2204 3399 XV,

495 3451 540 3488 p.
572 3432 670 3492 41).
