2566 3886
336 2787 406 2832 11.

1129 274 1395 320 -180-

471 406 681 460 legimus.
736 405 863 451 Cum
916 405 1046 459 prius
1097 405 1451 450 incommodum
1498 405 1823 459 gravissimum
1869 406 1939 459 sit,
1986 417 2185 460 praestat
2238 443 2242 446 .

470 503 669 547 alterum
693 516 788 547 non
828 501 1098 546 coniectura
1134 501 1312 553 tollere,
1350 501 1434 545 sed
1466 516 1525 546 ex
1552 502 1642 546 hoc
1673 501 1826 554 potius
1858 502 2064 548 iudicare
2095 503 2185 548 alio

470 597 683 642 remedio
713 597 870 642 locum
903 611 1005 641 esse
1036 596 1312 640 sanandum.

471 692 603 744 Quas
650 692 712 737 ob
759 706 921 736 causas
968 691 1132 735 Dousa
1177 705 1246 734 vs·
1285 689 1401 734 5—-8
1447 699 1551 744 post
1591 690 1646 735 16
1682 699 1986 744 transponere
2023 691 2185 744 voluit,

470 802 612 841 quem
647 785 990 839 Hertzbergius
1022 784 1336 830 Baehrensius
1369 785 1627 839 Postgatius
1659 786 1805 831 secuti
1837 795 1957 831 sunt.
1975 785 2067 832 Sed
2084 787 2185 832 iure

469 890 600 936 putat
637 881 753 927 Otto
790 879 1080 939 (Versumst.
1114 881 1135 925 I
1167 895 1212 933 p.
1247 877 1329 938 16)
1359 895 1525 926 versus
1564 881 1605 925 7.
1637 880 1665 926 8
1698 896 1794 926 non
1831 890 1962 934 aptos
1993 897 2095 928 esse
2125 883 2185 928 ad

469 992 659 1022 carmen
702 977 1034 1029 claudendum,
1075 976 1203 1029 quod
1248 975 1387 1020 etiam
1432 975 1719 1020 Baehrensio
1757 976 1911 1021 visum
1949 991 2066 1029 esse,
2104 977 2184 1032 qui

467 1087 576 1118 cum
609 1072 803 1117 Perreio
835 1072 978 1117 finem
1010 1074 1175 1118 deesse
1205 1072 1459 1116 contendit.
1493 1072 1682 1117 Deinde
1714 1081 1873 1117 monet
1903 1087 2070 1118 versus
2098 1072 2139 1117 7.
2157 1071 2185 1118 8

467 1168 643 1220 optime
675 1168 852 1213 servari
878 1183 1022 1236 'posse
1054 1183 1149 1221 quo
1179 1167 1284 1212 loco
1316 1166 1632 1219 manuscripta
1662 1182 1744 1212 eos
1765 1166 2030 1212 exhibeant.
2049 1167 2185 1213 Haec

466 1263 612 1316 ipsius
643 1263 791 1308 verba
822 1272 952 1308 sunt:
986 1262 1127 1315 „Von
1142 1264 1235 1307 den
1253 1264 1347 1307 den
1366 1262 1468 1307 Hos
1494 1262 1822 1315 umgebenden
1846 1261 2184 1308 Saulenreihen

467 1358 552 1402 mit
592 1359 686 1404 den
726 1358 968 1404 Gestalten
1007 1359 1094 1402 der
1131 1357 1379 1402 Danaiden
1417 1358 1512 1402 ffillt
1549 1358 1634 1402 der
1672 1357 1805 1402 Blick
1842 1358 2070 1403 zunfichst
2105 1358 2191 1403 auf

469 1453 562 1497 den
601 1453 765 1498 mitten
802 1469 891 1499 vor
927 1454 1037 1498 dem
1077 1453 1490 1506 Tempelgebiiude
1528 1453 1788 1497 stehenden
1826 1461 2016 1506 grossen
2047 1453 2184 1498 Altar

468 1547 553 1592 mit
590 1548 683 1593 den
723 1548 894 1593 Kiihen
932 1548 1015 1593 des
1055 1547 1248 1600 Myron.
1284 1548 1425 1592 Dann
1457 1556 1551 1592 erst
1581 1548 1693 1600 folgt
1724 1547 1801 1592 die
1833 1547 2184 1601 Beschreibung

466 1643 550 1687 des
586 1642 810 1696 Tempels
848 1643 1004 1695 selbst,
1035 1644 1217 1688 welche
1251 1644 1453 1696 passend
1485 1643 1569 1687 mit
1599 1643 1685 1687 der
1716 1642 2069 1696 Beschreibung
2099 1643 2183 1688 des

466 1738 514 1783 in
548 1739 634 1783 der
664 1738 782 1783 cella
812 1738 1130 1791 autgestellten
1154 1737 1475 1783 Gotterbildes
1491 1737 1589 1782 und
1607 1737 1738 1782 einer
1753 1737 1935 1781 kurzen
1951 1736 2183 1783 Verherr·

466 1833 656 1887 liehung
687 1834 770 1878 des
803 1833 970 1879 Gottes
1001 1833 1144 1878 selbst
1174 1833 1429 1878 schliesst''.
1826 1886 1831 1891 κ
2151 1822 2154 1824 ’

469 1928 790 1974 Rothsteinius
822 1926 978 1987 (Anh.
1010 1944 1055 1982 p.
1088 1928 1175 1974 352
1207 1926 1303 1986 sq.)
1320 1937 1482 1973 contra
1499 1927 1705 1981 primum
1722 1935 2048 1980 argumentum
2066 1926 2182 1971 nihil

469 2024 660 2077 profert,
704 2024 832 2078 quod
877 2039 954 2068 me
992 2039 1145 2069 meam
1178 2023 1450 2076 opinionem
1483 2031 1664 2068 mutare
1696 2022 1834 2076 cogit3
1867 2037 2023 2076 neque
2053 2021 2181 2066 enim

471 2119 538 2164 sic
569 2119 742 2171 iudico,
774 2119 902 2173 quod
934 2128 1101 2172 negem
1133 2120 1268 2172 plura
1298 2119 1426 2172 signa
1457 2119 1505 2163 in
1537 2119 1628 2163 hoc
1659 2126 1812 2163 tantae
1844 2118 1979 2162 molis
2006 2117 2181 2171 templo

468 2215 687 2260 collocari
718 2214 939 2267 potuisse,
971 2215 1055 2258 sed
1087 2214 1197 2267 quia
1227 2222 1365 2266 poeta
1395 2214 1486 2258 hoc
1517 2212 1701 2257 disertis
1732 2212 1890 2257 verbis
1911 2212 2179 2257 additurum

468 2311 609 2356 fuisse
641 2310 756 2355 mihi
787 2324 1064 2363 persuasum
1096 2318 1179 2354 est.

471 2500 659 2546 artificis
703 2499 772 2551 03
822 2499 1002 2552 corrige
1050 2498 1360 2549 artifices,
1407 2497 1495 2542 nisi
1542 2497 1828 2542 artificis
1874 2511 1961 2549 pro
2004 2497 2180 2541 nomin.

467 2596 589 2650 plur.
621 2594 797 2640 habere
827 2593 913 2638 vis.

468 2795 515 2831 et
550 2800 645 2840 quo
677 2784 796 2830 Solis
827 2792 926 2829 erat
956 2798 1098 2836 supra
1128 2783 1303 2836 fastigia
1333 2796 1513 2826 currus.

467 2891 513 2926 et
544 2896 640 2935 quo
674 2880 741 2933 O;
779 2879 1136 2932 Hertzbergius,
1168 2893 1311 2932 quem
1343 2877 1555 2930 sequitur
1586 2876 1864 2929 Postgatius:

619 2985 666 3021 et
697 2976 793 3020 duo
825 2974 943 3020 Solis
975 2983 1107 3019 erant
1138 2989 1279 3027 supra
1309 2973 1484 3026 fastigia
1514 2986 1702 3023 currus;

469 3080 709 3125 comparat
750 3080 907 3116 autem
951 3070 1259 3124 propylaeum
1298 3068 1385 3113 fori
1418 3066 1724 3118 Corinthiaci,
1756 3081 1897 3118 supra
1926 3066 2054 3119 quod
2086 3066 2181 3110 duo

469 3166 588 3212 Solis
622 3181 788 3211 currus
819 3179 987 3210 aureos
1019 3172 1295 3217 conspectos
1326 3177 1429 3207 esse
1461 3170 1619 3206 narrat
1649 3161 1901 3206 Pausanias
1932 3158 2022 3218 (ΙΙ,
2053 3159 2095 3211 3,
2127 3156 2182 3216 2)

468 3264 522 3305 ἐκ
559 3261 611 3305 δὲ
650 3267 732 3318 τῆς
762 3263 934 3318 ἀγορᾶς
963 3259 1184 3310 ἐξιόντων
1214 3260 1300 3315 τὴν
1329 3259 1408 3300 ἐπὶ
1436 3256 1646 3314 Λεχαίου
1676 3254 1948 3313 προπύλαιά
1977 3257 2073 3298 ἐστι
2101 3255 2183 3296 καὶ

470 3354 538 3400 ἐπ’
592 3358 749 3399 αὐτῶν
795 3359 976 3411 ἅρματα
1021 3356 1265 3410 ἐπίχρυσα,
1310 3354 1362 3395 τὸ
1407 3352 1492 3407 μὲν
1544 3350 1805 3404 Φαέθοντα,
1827 3347 1991 3391 Ἠλίου
2020 3346 2182 3401 παῖδα,

468 3452 521 3493 τὸ
554 3450 606 3493 δέ
630 3448 816 3492 εἭλιον
847 3450 989 3491 αὐτὸν
1020 3450 1195 3505 φέρον;
1229 3447 1372 3501 „quid
1404 3447 1441 3490 si
1473 3446 1533 3490 ad
1557 3445 1672 3490 illud
1689 3444 1930 3497 exemplar
1950 3468 1966 3479 -
1997 3442 2147 3495 inquit
2165 3467 2181 3477 -
