2566 3886
387 972 456 1017 14.

385 1541 457 1586 21.

1178 292 1236 298 ——
1270 263 1355 311 173
1386 291 1440 297 —-·

519 402 671 455 habet,
688 416 828 456 quam
842 400 992 446 verbo
1006 398 1291 445 Germanico
1312 397 1510 442 verdin
1517 405 1617 451 gen
1649 393 1871 453 (Batave:
1894 391 2237 451 aanbesteden)

519 498 641 543 bene
672 496 898 542 redditur.

518 593 674 644 Quam
722 591 784 637 ob
816 605 1003 636 causam
1035 588 1195 634 nescio
1226 603 1285 633 an
1317 603 1426 632 cum
1460 587 1697 632 Muellero
1727 584 1926 644 (Rhein.
1961 585 2088 630 Mus.
2120 583 2233 629 XX.

518 685 632 745 473)
683 695 730 731 et
779 684 1082 731 Cornelissen
1129 691 1333 728 nostrate
1376 680 1643 740 (Mnemos.
1687 679 1800 726 N.S.
1856 679 1984 726 1879.
2030 695 2075 732 p.
2126 677 2236 736 102)

519 781 858 827 restituendum
890 779 973 824 sit:
1005 779 1131 823 hunc
1164 777 1332 822 mulier
1362 777 1498 822 nobis
1529 776 1644 821 irata
1675 792 1705 821 n
1720 791 1749 821 o
1763 785 1819 820 ta
1833 775 1937 821 vit.

518 970 681 1016 Scribe
711 985 820 1015 cum
853 969 1016 1014 Dousa
1045 976 1204 1022 patre:

669 1074 714 1110 at
744 1074 794 1110 tu
827 1064 987 1109 nescio
1018 1077 1133 1117 quas
1164 1061 1364 1116 quaeris,
1395 1061 1568 1115 inepte,
1600 1061 1658 1106 fo
1673 1060 1761 1105 ris

520 1159 840 1206 Rothsteinius
887 1159 1057 1203 fores
1098 1156 1331 1202 defendit:
1378 1156 1509 1208 „Der
1555 1156 1754 1200 Dichter
1784 1156 1919 1199 sucht
1953 1155 2073 1199 nach
2105 1154 2238 1199 einer

518 1256 666 1307 Thur,
699 1270 779 1300 um
811 1269 900 1299 vor
929 1253 1004 1298 ihr
1034 1268 1096 1297 zu
1128 1252 1293 1305 liegen,
1325 1251 1553 1296 wiihrend
1585 1266 1638 1295 er
1668 1265 1718 1295 es
1750 1251 1874 1295 doch
1905 1249 2054 1295 soviel
2074 1250 2235 1294 besser

518 1350 673 1395 haben
704 1349 925 1394 konnte”.
960 1346 1220 1401 Explicatio
1251 1361 1506 1400 sanequam
1538 1354 1750 1390 contorta
1781 1354 1920 1399 atque
1951 1344 2177 1390 obscura!

518 1549 657 1594 atque
688 1539 749 1584 ita
782 1553 858 1583 me
890 1518 1061 1583 iniecto
1092 1537 1329 1582 duxerunt
1360 1550 1522 1581 rursus
1552 1535 1739 1580 amictu.

518 1635 594 1681 Sic
625 1633 891 1687 NFLDV;
923 1643 968 1678 at
999 1633 1079 1678 ubi
1111 1633 1377 1678 audivimus
1408 1632 1615 1677 Amores
1645 1640 1831 1684 poetam
1858 1640 1989 1677 veste
2010 1630 2195 1676 exuisse
2211 1629 2237 1674 P

520 1730 732 1775 Eandem
765 1729 827 1774 ob
858 1743 1044 1774 causam
1076 1728 1220 1774 reicio
1253 1727 1441 1772 Heinsii
1471 1726 1815 1771 coniecturam:

519 1834 658 1879 atque
689 1824 751 1869 ita
782 1824 846 1868 mi
877 1823 1049 1869 iniecto
1080 1824 1300 1868 dixerunt
1331 1837 1493 1867 rursus
1523 1822 1710 1874 amictu,

516 1934 654 1973 quam
703 1919 1035 1964 Lachmannus
1080 1918 1256 1972 quique
1302 1918 1361 1963 ab
1408 1917 1509 1962 eius
1555 1916 1801 1970 disciplina
1838 1924 1944 1960 sunt
1976 1915 2024 1959 in
2055 1924 2234 1960 textum

522 2014 767 2068 recipiunt.

521 2108 833 2155 Baehrensius
866 2109 967 2153 Leo
997 2107 1217 2161 Solbisky
1242 2105 1346 2166 (De
1378 2106 1545 2153 Codic.
1564 2106 1704 2159 Prop.
1722 2121 1766 2158 p.
1787 2103 1911 2163 155.)
1943 2105 2236 2150 iniectum

517 2204 750 2249 amictu
765 2219 811 2248 m
857 2205 917 2248 de
954 2204 1095 2256 nodo,
1127 2219 1222 2257 quo
1254 2203 1465 2248 vinctum
1497 2217 1547 2247 se
1579 2216 1680 2247 esse
1711 2217 1738 2246 a
1768 2200 1926 2254 pueris
1965 2200 2237 2254 Propertius

520 2314 566 2344 v.
612 2298 668 2344 10
699 2298 811 2344 dicit
841 2298 1129 2351 interpretati
1176 2307 1308 2351 sunt;
1340 2313 1543 2352 quorum
1574 2297 1755 2351 primus
1786 2311 1872 2349 pro
1919 2297 2239 2341 duxerunt

521 2408 543 2438 s
558 2394 619 2438 ol
636 2409 667 2438 v
684 2408 711 2438 e
727 2408 752 2438 r
767 2408 799 2438 u
815 2409 846 2438 n
863 2402 895 2445 t,
942 2393 1043 2438 Leo
1089 2402 1136 2438 et
1181 2392 1410 2445 Solbisky<
1441 2392 1608 2438 melius
1654 2393 1712 2437 la
1728 2407 1758 2436 x
1774 2407 1802 2436 a
1817 2406 1841 2435 r
1857 2406 1888 2436 u
1906 2399 1971 2435 nt
2016 2404 2240 2443 proposu-

521 2498 672 2534 erunt.
717 2488 809 2534 Sed
841 2488 1047 2533 Amores
1090 2497 1275 2541 poetam
1323 2487 1444 2532 ami
1465 2496 1572 2532 ctu
1618 2487 1874 2531 iniecto
1920 2485 2096 2538 ligasse,
2130 2500 2237 2530 cum

521 2584 710 2629 vincula
751 2584 807 2629 iis
844 2592 1029 2637 praesto
1061 2591 1229 2635 essent,
1262 2597 1358 2627 non
1389 2582 1523 2627 facile
1554 2582 1744 2627 credam
1776 2595 1917 2635 quam
1950 2580 2012 2625 ob
2049 2594 2236 2625 causam

522 2679 636 2724 mihi
668 2678 779 2725 Gul.
813 2678 1040 2724 Fischeri*
1057 2677 1323 2723 emendatio
1355 2676 1692 2722 verisimillima
1722 2676 1938 2721 videtur:

671 2783 811 2826 atque
842 2773 904 2818 ita
934 2789 1010 2819 me
1041 2773 1089 2818 in
1120 2782 1295 2818 tectum
1327 2774 1564 2818 duxerunt
1594 2786 1755 2816 rursus
1786 2770 1977 2815 amicae.

390 2962 462 3008 27.
494 2961 565 3007 28.
628 2961 739 3007 Hoc
783 2962 1014 3007 distichon
1053 2961 1331 3007 Fonteinius
1362 2970 1408 3006 et
1442 2960 1751 3014 Rossbergius
1782 2957 2063 3017 (Lucubrat.
2097 2958 2237 3010 Prop.

523 3073 568 3111 p.
602 3054 683 3114 18)
714 3065 818 3109 post
848 3055 906 3101 40
937 3056 1336 3108 transponendum
1369 3070 1471 3100 esse
1501 3055 1817 3100 crediderunt.

524 3151 761 3204 Rossberg
782 3165 948 3196 versus
969 3151 1063 3196 huc
1085 3165 1181 3195 non
1204 3150 1357 3195 facere
1379 3158 1426 3195 et
1442 3149 1776 3194 sententiarum
1793 3163 1968 3194 nexum
1985 3148 2238 3193 vehemen-

524 3245 701 3290 tissime
746 3259 968 3297 rumpere
1014 3244 1267 3289 contendit.
1314 3243 1407 3289 Sed
1453 3243 1575 3288 bene
1622 3243 1752 3287 locus
1798 3242 1860 3287 ita
1890 3242 2148 3294 explicatur
2178 3241 2237 3286 ab

526 3339 703 3385 Ottone
732 3337 1022 3397 (Versumst.
1061 3339 1082 3383 1
1106 3353 1151 3391 p.
1186 3335 1285 3396 15):
1320 3338 1544 3390 „niemals
1575 3338 1749 3382 vorher
1779 3351 1878 3382 war
1909 3337 1999 3381 mir
2030 3335 2238 3389 Cynthia

526 3434 728 3478 schoner
752 3433 1065 3484 'erschienem
1112 3432 1254 3477 selbst
1299 3432 1476 3478 damals
1521 3432 1664 3483 nicht,
1695 3432 1762 3476 als
1792 3431 1860 3476 sie
1890 3431 1938 3476 in
1970 3445 2238 3483 purpurner
