2566 3886
348 1929 416 1975 19.

348 2523 420 2568 23.

1149 247 1389 293 -37-

474 397 501 427 c
517 382 702 426 alore
719 396 741 426 s
787 380 1063 425 mutandum
1107 393 1210 423 esse
1253 378 1476 423 viderunt
1519 377 1747 424 Heinsius
1790 387 1837 424 et
1881 379 2193 430 Burmannus,

475 493 678 531 quorum
721 477 798 521 hic
839 483 967 520 recte
1006 474 1208 519 confert:

477 573 514 625 Ι,
549 572 617 625 12,
652 572 733 617 17:
764 580 844 616 aut
874 571 912 616 si
943 571 1192 622 despectus
1222 569 1371 622 potuit
1402 578 1583 614 mutare
1630 570 1911 615 calores.

476 668 513 719 Ι,
548 666 617 719 18,
651 666 732 711 17:
763 681 822 711 an
853 666 964 719 quia
994 680 1140 718 parva
1170 666 1336 710 damus
1367 673 1544 709 mutato
1575 665 1703 718 signa
1748 666 1990 710 calore.

476 762 732 814 Quomodo
774 761 940 805 vitium
984 760 1236 812 irrepserit,
1279 775 1366 804 nos
1410 760 1583 804 docere
1627 768 1779 812 potest
1810 760 1846 812 I,
1888 760 1957 813 12,
1998 760 2066 812 17,
2113 760 2195 805 ubi

476 873 563 910 pro
638 857 906 902 calores
982 855 1030 899 in
1092 855 1140 899 D
1170 855 1219 899 V
1251 854 1302 899 N
1367 855 1534 908 legitur
1594 855 1877 900 colores.
1940 855 2195 907 Postquam

476 953 745 998 calores
791 952 839 996 in
885 952 1151 996 calores
1196 959 1470 1004 corruptum
1502 959 1585 1002 est,
1615 949 2007 1007 παραδιορθώσει

477 1048 508 1092 d
525 1048 751 1092 olores
796 1054 1103 1091 correxerunt
1134 1044 1324 1090 librarii.

478 1143 532 1188 In
564 1141 772 1187 carmine
804 1141 859 1185 L.
892 1139 1079 1192 Catulli,
1111 1140 1240 1193 quod
1273 1140 1596 1185 Rothsteinius
1627 1141 1773 1192 affert,

594 1239 698 1289 hoc,
731 1236 936 1282 iucunde
967 1235 1050 1280 tibi
1081 1250 1251 1289 poema
1281 1235 1384 1287 feci,

593 1347 653 1377 ex
683 1346 779 1384 quo
810 1331 1101 1384 perspiceres
1132 1345 1291 1375 meum
1338 1331 1369 1375 d
1387 1331 1493 1375 olo
1509 1345 1576 1375 re
1593 1346 1655 1382 m,

476 1429 591 1473 nihil
633 1427 792 1472 auxilii
834 1435 917 1478 est,
960 1440 1069 1470 nam
1113 1426 1190 1470 hic
1235 1426 1430 1470 dolor
1475 1434 1602 1471 recte
1648 1441 1766 1471 voce
1813 1425 2196 1471 Sehnsucht

479 1524 614 1569 reddi
645 1531 811 1576 potest,
842 1522 899 1566 cf.
931 1535 1097 1566 versus
1127 1520 1170 1565 9.
1205 1520 1273 1565 10.

477 1619 774 1664 Postremum
805 1618 914 1662 citat
946 1617 982 1661 1.
1017 1616 1085 1661 17.
1120 1615 1196 1661 19:

595 1713 688 1758 illic
719 1713 758 1757 si
788 1727 882 1765 qua
912 1727 1071 1757 meum
1104 1712 1377 1764 sepelissent
1408 1712 1498 1756 {ata
1528 1712 1825 1756 dolorem.

479 1809 571 1855 Sed
602 1810 693 1854 hoc
724 1824 915 1862 quoque
946 1809 1051 1853 loco
1097 1809 1128 1853 d
1145 1809 1252 1853 olo
1268 1823 1293 1852 r
1337 1808 1518 1852 solitam
1550 1807 1931 1860 significationem
1963 1807 2116 1852 habet.

478 1928 685 1981 Cynthia
716 1943 792 1972 me
823 1927 982 1972 docuit
1012 1942 1213 1979 semper,
1245 1941 1574 1979 quaecumque
1605 1926 1810 1979 petenda

629 2037 846 2076 quaeque
876 2023 1090 2067 cavenda
1120 2023 1292 2067 forent:
1324 2037 1419 2066 non
1454 2022 1568 2067 nihil
1601 2022 1692 2075 egit
1723 2022 1891 2066 Amor.

482 2119 719 2165 Lucianus
742 2118 951 2163 Mueller
972 2133 1058 2171 pro
1090 2132 1484 2171 quaecumque
1516 2118 1778 2170 proposuit:
1810 2131 1950 2169 quae
1982 2116 2198 2168 cuique,

479 2230 600 2268 quae
613 2214 895 2266 coniectura,
904 2213 1083 2259 etiamsi
1097 2213 1333 2266 plerisque
1346 2229 1460 2258 vera
1471 2214 1672 2265 videtur,
1681 2213 1796 2258 mihi
1807 2227 1902 2257 non
1915 2212 2079 2265 placet,
2087 2212 2198 2264 quia

479 2318 663 2363 poetam
695 2309 929 2354 dicentem
961 2308 1067 2353 facit
1098 2307 1353 2361 Cynthiam
1386 2317 1641 2353 amatorem
1673 2323 1810 2353 suum
1827 2316 1974 2352 artem
1991 2307 2193 2359 aliquam

479 2404 749 2449 amatoriam
769 2404 984 2448 docuisse
1002 2418 1096 2448 non
1115 2403 1200 2448 soli
1220 2403 1480 2456 Propertio,
1500 2404 1582 2448 sed
1595 2403 1736 2447 variis
1749 2402 2018 2448 hominibus
2026 2410 2194 2454 aptam.

482 2538 590 2575 neu,
621 2523 660 2568 si
691 2523 805 2575 quid
836 2522 980 2574 petiit,
1012 2522 1188 2575 ingrata
1217 2522 1372 2567 fronte
1403 2522 1598 2575 negaris.

481 2619 629 2663 Recte
679 2617 990 2662 Baehrensius
1037 2617 1296 2662 Burmanni
1342 2617 1680 2662 coniecturam:
1727 2617 1817 2661 ira
1832 2625 1888 2661 ta
1933 2617 2193 2668 assumpsit,

482 2713 539 2757 cf.
572 2713 608 2757 Ι.
639 2712 682 2757 6.
717 2712 791 2757 10:

632 2822 754 2860 quae
785 2808 903 2852 solet
933 2807 1049 2852 irato
1079 2807 1220 2851 tristis
1251 2807 1403 2851 amico
1434 2807 1553 2858 viro,

483 2903 564 2947 ubi
595 2903 696 2947 Itali
728 2903 976 2955 ingrato
1008 2903 1313 2955 scripserunt;
1337 2911 1528 2954 propter
1556 2902 1854 2946 hunclocum
1873 2901 2028 2946 minus
2044 2902 2194 2954 placet

482 3006 712 3050 rugata,
758 2998 887 3049 quod
934 2997 1179 3041 Vahlenus
1229 3012 1288 3041 ex
1336 2997 1534 3050 Hauptii
1566 2997 1835 3041 coniectura
1866 2993 2071 3052 (Opusc.
2105 2996 2192 3047 III,

483 3106 527 3143 p.
560 3088 673 3148 389)
703 3091 751 3135 in
783 3100 912 3135 textu
943 3092 1112 3144 posuit.

483 3199 574 3242 hoo
605 3198 748 3251 magis
778 3197 944 3243 effecto
976 3213 1115 3250 saepe
1147 3199 1304 3243 fruare
1336 3198 1462 3242 bono

484 3292 578 3336 Pro
595 3292 800 3337 effecto
826 3293 1043 3338 Palmero
1060 3301 1315 3345 praeeunte
1331 3293 1484 3345 legere
1497 3292 1640 3336 velim
1658 3292 1878 3343 effectu,
1895 3292 1954 3336 cf.
1972 3291 2013 3343 3,
2027 3291 2099 3344 23,
2116 3291 2191 3336 10:

635 3400 822 3441 semper
851 3395 899 3431 et
929 3401 957 3431 e
970 3387 987 3431 f
998 3387 1015 3430 f
1028 3401 1055 3431 e
1069 3401 1095 3431 c
1108 3395 1125 3430 t
1138 3402 1169 3431 u
1183 3401 1204 3430 s
1235 3401 1543 3439 promeruere
1574 3385 1738 3432 bonos.
