2566 3886
1095 267 1361 316 -305—

304 403 377 449 63.
438 403 519 457 qui
551 418 627 448 me
658 411 752 448 tam
785 402 949 448 docilis
980 402 1169 455 potuisti
1199 402 1402 447 fundere
1434 402 1482 446 in
1514 416 1626 446 usus

438 498 542 550 qui
575 497 708 550 NF;
741 498 899 551 quod
933 497 1117 550 LDV,
1149 512 1209 541 ex
1236 512 1331 550 quo
1363 496 1676 541 Baehrensius
1706 496 1843 541 facit:
1875 505 2035 548 quot,
2067 497 2151 541 sed

440 593 739 646 Neapolitani
785 593 900 637 illud
946 592 1051 646 qui
1082 591 1197 636 nihil
1229 591 1369 636 habet
1399 592 1527 644 quod
1559 591 1786 642 offendat;
1819 591 1982 644 quod
2014 591 2152 635 inter-

438 690 645 742 polatum
695 697 765 734 est
809 703 896 741 pro
941 687 1244 741 exquisitiore
1293 688 1412 741 qui.
1459 687 1553 732 Pro
1600 695 1725 732 tam
1772 686 2024 731 docilis
2056 700 2151 730 non

439 798 632 829 necesse
664 792 733 829 est
764 798 873 828 cum
909 783 1224 836 Hertzbergio
1256 783 1497 828 conicere:
1530 790 1618 826 tot
1662 781 1950 826 docilem.

1044 1117 1299 1164 ELEGIA
1330 1118 1417 1163 111.

339 1251 380 1296 5.
443 1250 618 1296 Iniuria
662 1249 973 1294 Baehrensius
1017 1258 1063 1293 et
1111 1248 1369 1301 Postgatius
1410 1247 1541 1292 initio
1585 1262 1749 1292 versus
1793 1262 1858 1291 ac
1891 1246 2155 1299 ediderunt,

442 1347 570 1400 quod
603 1345 650 1390 D
681 1344 898 1396 exhibet;
930 1345 1031 1397 lege
1064 1359 1091 1388 a
1107 1352 1169 1388 ut
1200 1358 1309 1388 cum
1342 1342 1672 1396 Neapolitano.

340 1463 382 1508 7.
443 1473 488 1509 te
519 1464 663 1508 modo
693 1463 914 1508 viderunt
946 1463 1133 1507 iteratos
1166 1462 1332 1507 Bactra
1363 1477 1448 1514 per
1478 1470 1622 1512 ortus,

521 1567 568 1604 te
599 1558 743 1603 modo
774 1557 955 1603 munito
987 1556 1174 1602 Sericus
1205 1557 1350 1602 hostis
1384 1571 1508 1610 equo

442 1654 671 1700 vocabula
719 1653 941 1698 Bactra
987 1668 1097 1706 per
1142 1661 1321 1698 ortus
1365 1667 1460 1698 non
1500 1653 1716 1706 leguntur
1747 1651 1794 1696 in
1828 1650 2157 1703 Neapolitano,

443 1764 584 1802 quam
622 1748 684 1794 ob
715 1763 816 1793 rem
850 1747 1203 1793 Heimreichius
1234 1744 1455 1805 (Quaest.
1489 1747 1629 1799 Prop.
1661 1761 1706 1799 p.
1738 1744 1793 1803 6)
1824 1746 1970 1790 verba
2001 1745 2159 1790 addita

444 1858 547 1889 esse
592 1843 651 1888 ab
697 1843 1028 1895 interpolatore
1073 1842 1279 1896 quodam
1326 1842 1580 1887 contendit.
1629 1840 1720 1886 Sed
1768 1856 1854 1886 suo
1898 1842 1999 1886 iure
2030 1849 2159 1894 rogat

445 1937 663 1991 Solbisky
694 1935 765 1996 (p.
801 1935 937 1995 181):
971 1938 1240 1992 „quomodo
1271 1937 1501 1989 librarius,
1534 1936 1571 1982 si
1602 1937 1649 1981 in
1667 1936 1923 1988 exemplari
1940 1951 2025 1981 suo
2043 1936 2157 1981 nihil

445 2034 534 2079 nisi
586 2042 642 2078 te
695 2034 873 2078 modo
926 2033 1230 2078 viderunt
1280 2033 1550 2077 iteratos
1604 2032 1873 2083 invenisset,
1921 2031 1968 2076 in
2016 2046 2158 2076 voces

446 2129 545 2174 illas
585 2129 692 2173 satis
733 2128 925 2182 quidem
969 2128 1199 2182 quaesitas
1237 2127 1446 2172 incidere
1478 2126 1691 2179 potuit?”
1724 2127 1913 2171 Deinde
1945 2126 2158 2178 explieat,

445 2224 527 2278 qui
572 2223 663 2275 fiat,
709 2234 758 2268 ut
800 2223 947 2268 verba
986 2223 1157 2268 omissa
1199 2223 1291 2268 sint
1328 2223 1375 2268 in
1414 2222 1755 2275 Neapolitano:
1789 2221 1972 2273 „omisit
2003 2229 2158 2266 autem

445 2319 587 2364 finem
619 2334 797 2371 versus,
830 2319 993 2373 inquit,
1026 2319 1077 2371 is,
1109 2319 1191 2372 qui
1223 2318 1272 2363 N
1305 2319 1513 2363 exaravit
1540 2318 1734 2363 fortasse
1752 2326 2013 2369 propterea,
2031 2317 2159 2370 quod

445 2414 712 2459 offendebat
742 2414 789 2459 in
820 2429 940 2459 voce
971 2414 1228 2466 blactra,
1261 2429 1381 2467 quae
1414 2414 1461 2458 in
1493 2415 1748 2465 archetypo
1769 2413 1957 2457 videtur
1972 2411 2158 2456 fuisse”.

447 2509 702 2561 Quaeritur
745 2525 885 2562 nunc,
929 2518 1086 2555 utrum
1130 2509 1359 2554 vocabula
1402 2508 1761 2561 explicationem
1805 2507 2061 2558 admittant,
2100 2521 2158 2550 an

447 2612 666 2655 corrupte
709 2604 800 2648 sint
843 2604 1021 2649 tradita.
1067 2603 1405 2648 Examinemus
1438 2602 1844 2656 interpretationes
1875 2601 2159 2654 propositas:

448 2697 801 2744 Heimreichius
832 2699 913 2752 qui
945 2699 1142 2751 scripsit,
1174 2713 1224 2743 se
1256 2698 1494 2743 interdum
1526 2697 1694 2742 collato
1712 2696 1806 2742 Ov.
1827 2697 1929 2741 fast.
1946 2696 2033 2740 VI.
2055 2695 2159 2740 199:

600 2808 738 2838 mane
769 2793 850 2838 ubi
882 2793 953 2838 bis
983 2793 1123 2837 fuerit
1155 2793 1471 2846 Phoebusque
1503 2792 1741 2837 iteraverit
1772 2800 1900 2836 ortus

450 2887 673 2939 suspicari
716 2888 842 2932 hunc
873 2887 960 2932 sub
991 2887 1079 2932 illis
1110 2887 1269 2932 verbis
1300 2888 1444 2931 latere
1476 2901 1692 2931 sensum:
1725 2886 1899 2931 vidisse
1933 2886 2160 2938 Lycotam

452 2981 617 3026 Bactra
661 2983 926 3034 complures
972 2996 1058 3034 per
1102 2982 1217 3034 dies,
1265 2983 1385 3026 hanc
1431 2982 1792 3033 explicationem
1834 2981 1933 3034 ipse
1974 2980 2160 3024 reiecit:

453 3076 679 3127 Lycotam
712 3076 838 3120 enim
870 3077 1137 3129 complures
1168 3092 1254 3128 per
1284 3091 1432 3121 annos
1450 3077 1497 3120 in
1514 3077 1707 3120 orientis
1723 3075 1991 3129 regionibus
2007 3068 2161 3119 fuisse.

452 3170 549 3214 Alii
595 3185 704 3215 cum
751 3170 941 3215 Barthio
978 3171 1367 3223 interpretantur:
1400 3186 1511 3224 per
1543 3169 1836 3214 Orientis
1868 3169 2162 3214 nationes

452 3279 518 3309 ac
550 3264 840 3318 regiones
871 3265 1100 3310 iterum
1133 3274 1498 3318 peragratas
1530 3274 1576 3309 et
1607 3273 1904 3317 comparant:

454 3359 576 3404 Hor.
608 3358 667 3404 C.
701 3359 740 3404 l.
774 3359 814 3404 7.
847 3358 918 3411 32,
950 3374 1052 3404 cras
1083 3360 1245 3413 ingens
1277 3359 1548 3404 iterabimus
1580 3374 1770 3413 aequor.

455 3453 628 3507 Neque
660 3462 815 3498 tamen
847 3454 963 3498 haec
994 3454 1240 3505 explicatio
1271 3454 1446 3506 placet:
1478 3462 1547 3498 est
1578 3454 1705 3498 enim
1742 3453 2084 3497 obscurissima.

1975 3534 2022 3571 20
