2566 3886
1152 255 1420 302 -274—

489 397 600 440 ergo
628 388 710 440 qui
738 396 858 433 tacta
885 388 951 432 sic
982 388 1173 433 foedera
1200 387 1379 441 ruperit
1397 403 1477 433 ara
1488 385 1766 445 (Housman
1780 387 1898 433 JPh.
1914 388 2051 441 XVI,
2065 404 2109 442 p.
2126 387 2207 447 11)

487 492 598 536 ergo
630 483 712 535 qui
744 491 886 528 tactas
918 483 966 527 in
998 483 1192 528 foedera
1223 483 1403 537 ruperit
1419 498 1521 528 aras
1537 480 1823 541 (Postgatius
1839 498 1948 528 cum
1965 483 2207 529 codicibus

489 576 776 637 Passeratii).

488 673 748 718 Burmanni
791 682 948 718 autem
992 682 1038 718 et
1080 673 1353 719 Baehrensii
1384 674 1681 719 coniecturae
1712 674 1851 719 nimis
1883 674 2053 719 distant
2083 689 2110 719 a
2141 674 2208 719 lit·

488 768 599 813 teris
630 768 834 821 traditis:
867 769 915 813 in
949 768 1217 814 Housmani
1249 769 1519 814 coniectura
1549 769 1763 821 displicet
1778 783 1873 814 vox
1904 768 2018 821 sic;
2050 776 2207 814 utrum

488 863 762 916 Propertius
793 864 1001 909 scribere
1037 864 1241 917 potuerit
1284 872 1484 909 tactas
1527 879 1664 909 aras
1708 879 2015 917 rumpere,
2057 878 2209 909 necne

487 974 574 1011 pro
620 967 750 1004 certo
796 958 1026 1004 affirmare
1069 974 1165 1004 non
1209 959 1388 1011 audem
1432 958 1534 1004 veri
1577 958 1864 1004 simillimum
1906 967 2062 1004 tamen
2094 958 2209 1004 mihi

488 1054 676 1099 videtur
707 1069 816 1099 cum
849 1054 1087 1099 Pearsone
1117 1052 1251 1112 (CR.
1284 1055 1371 1107 IV,
1403 1069 1448 1107 p.
1483 1052 1594 1112 130)
1625 1069 1728 1099 esse
1764 1054 2119 1108 corrigendum:

642 1159 752 1203 ergo
783 1150 866 1202 qui
896 1158 1016 1194 tacta
1046 1165 1130 1195 sua
1160 1150 1352 1195 foedera
1382 1150 1561 1203 ruperit
1591 1165 1684 1195 ara.

1078 1450 1334 1496 ELEGIA
1363 1450 1501 1495 XXI.

386 1582 427 1627 3.
490 1581 675 1627 Crescit
713 1582 840 1626 enim
872 1581 1058 1626 assidue
1089 1581 1330 1634 spectandi
1362 1596 1475 1626 cura
1505 1581 1661 1633 puella

490 1677 823 1729 spectandi
867 1676 945 1729 N;
988 1677 1344 1730 spectando
1388 1675 1588 1727 FLDV,
1621 1684 1667 1720 et
1697 1675 1763 1720 sic
1795 1676 1935 1728 vulgo
1963 1675 2208 1728 recipiunt.

491 1773 591 1826 Ego
623 1788 650 1817 a
681 1772 982 1824 Neapolitani
1014 1773 1214 1817 lectione
1246 1771 1548 1825 proficiscens
1570 1786 1678 1816 cum
1702 1770 1975 1815 Burmanno
1999 1779 2046 1815 et
2069 1770 2210 1815 Hart-

490 1883 631 1913 mano
651 1866 691 1926 l)
723 1868 789 1912 sic
821 1868 949 1921 lego:

640 1962 808 2007 crescit
838 1963 965 2007 enim
998 1962 1183 2007 assidue
1215 1961 1442 2014 spectanti
1474 1976 1587 2006 cura
1617 1961 1835 2014 puellam.

385 2093 515 2139 5—8.
577 2093 732 2138 omnia
763 2087 871 2138 sunt
902 2101 1123 2145 temptata
1154 2092 1283 2145 mihi,
1314 2106 1614 2145 quacumque
1644 2091 1791 2145 fugari

640 2188 809 2241 possit:
841 2197 886 2233 at
917 2203 977 2233 ex
1007 2187 1137 2233 omni
1168 2203 1245 2232 me
1277 2188 1447 2239 premit
1478 2187 1577 2239 ipse
1609 2187 1740 2232 deus.

577 2284 658 2329 vix
689 2293 846 2329 tamen
878 2292 956 2328 aut
987 2283 1133 2328 semel
1165 2282 1376 2334 admittit,
1409 2297 1516 2327 cum
1550 2297 1690 2335 saepe
1721 2282 1920 2336 negaritz

640 2394 723 2423 seu
756 2379 899 2431 venit,
932 2387 1144 2423 extremo
1168 2378 1341 2423 dormit
1371 2378 1521 2423 amica
1551 2386 1668 2422 toro.

489 2474 564 2520 Sic
606 2475 656 2519 hi
687 2489 853 2519 versus
884 2475 1101 2527 leguntur
1132 2474 1180 2518 in
1213 2473 1557 2526 Neapolitano;
1604 2488 1691 2526 pro
1735 2473 1873 2526 ipse
1916 2471 1988 2531 (v.
2021 2470 2077 2530 6)
2108 2472 2206 2518 DV

490 2570 665 2615 habent
707 2569 844 2621 i11e3
889 2584 976 2622 pro
1019 2569 1264 2622 negarit
1298 2569 1346 2612 in
1379 2568 1476 2613 DV
1506 2567 1746 2612 invenitur
1776 2567 2044 2620 negavit.
2077 2567 2206 2613 Post-

486 2665 632 2718 gatius
660 2680 826 2710 versus
857 2664 900 2708 7.
927 2663 954 2708 8
983 2672 1090 2708 ante
1118 2663 1145 2708 5
1172 2663 1468 2716 transposuit,
1496 2664 1624 2717 quod
1653 2663 1807 2715 primo
1821 2671 2012 2715 aspectu
2029 2663 2205 2716 placen

487 2761 558 2805 sin
596 2760 856 2805 accuratius
894 2760 1051 2804 locum
1090 2759 1343 2811 examinas,
1392 2759 1688 2812 transpositio
1725 2773 1820 2804 non
1859 2773 1974 2803 vera
2003 2758 2205 2804 videtur.

489 2855 638 2900 Recte
668 2855 795 2900 enim
828 2853 1075 2899 Schulzius
1106 2851 1273 2912 (Rom.
1307 2853 1454 2907 Eleg⁴.
1487 2868 1532 2905 p.
1567 2850 1679 2911 175)
1719 2853 1933 2906 explicat,
1964 2868 2086 2906 quae
2116 2854 2207 2898 hoc

489 2951 593 2995 loco
637 2950 855 2995 vocabuli
901 2958 1104 2994 tamen
1151 2949 1223 2994 vis
1266 2948 1347 2993 sit:
1393 2948 1520 3001 „und
1562 2948 1700 3000 doch,
1744 2949 1895 2993 durch
1931 2949 2020 2993 alle
2051 2948 2207 2994 meine

490 3047 671 3092 Leiden
704 3046 833 3090 nicht
863 3046 1067 3099 geriihrt,
1099 3053 1309 3098 gestattet
1340 3044 1406 3089 sie
1438 3044 1529 3089 mir
1559 3060 1650 3089 nur
1680 3045 1827 3089 selten
1860 3043 2075 3088 Zutritt'’.

489 3141 583 3186 Pro
614 3141 862 3194 negarit
892 3138 999 3198 (N)
1020 3140 1345 3192 recipiendum
1368 3154 1470 3184 esse
1502 3139 1754 3192 negavit
1784 3136 1935 3197 (DV)
1957 3136 2206 3190 Solbiskyo

486 3234 591 3294 (De
623 3236 772 3280 codic.
804 3235 946 3288 Prop.
978 3250 1022 3287 p.
1057 3231 1169 3291 190)
1200 3243 1247 3279 et
1278 3234 1511 3287 Postgatio
1542 3231 1664 3290 (vid.
1688 3233 1789 3278 eius
1810 3232 2064 3277 editionem
2081 3246 2205 3277 anno

478 3330 604 3381 ‚1894
635 3331 683 3375 in
716 3332 870 3376 lucem
902 3327 1146 3387 emissam)
1177 3329 1416 3374 assentior.

404 3462 430 3508 ¹)
480 3465 537 3500 De
565 3466 700 3500 Horat.
727 3464 841 3499 Poeta
867 3474 901 3504 p.
928 3463 1007 3497 140.
