<?xml version="1.0" encoding="UTF-8"?>
<!DOCTYPE html PUBLIC "-//W3C//DTD XHTML 1.0 Transitional//EN"
    "http://www.w3.org/TR/xhtml1/DTD/xhtml1-transitional.dtd">
<html xmlns="http://www.w3.org/1999/xhtml" xml:lang="en" lang="en">
 <head>
  <title>
</title>
<meta http-equiv="Content-Type" content="text/html;charset=utf-8" />
  <meta name='ocr-system' content='tesseract 3.04.00' />
  <meta name='ocr-capabilities' content='ocr_page ocr_carea ocr_par ocr_line ocrx_word'/>
</head>
<body>
  <div class='ocr_page' id='page_1' title='image "./adpropertiicarmi00enkpuoft_0149.png"; bbox 0 0 2566 3886; ppageno 0'>
   <div class='ocr_carea' id='block_1_1' title="bbox 328 394 400 440">
    <p class='ocr_par' dir='ltr' id='par_1_1' title="bbox 328 394 400 440">
     <span class='ocr_line' id='line_1_1' title="bbox 328 394 400 440; baseline -0.014 0"><span class='ocrx_word' id='word_1_1' title='bbox 328 394 400 440; x_wconf 88' lang='grc'><strong>31.</strong></span> 
     </span>
    </p>
   </div>
   <div class='ocr_carea' id='block_1_2' title="bbox 1127 266 1393 312">
    <p class='ocr_par' dir='ltr' id='par_1_2' title="bbox 1127 266 1393 312">
     <span class='ocr_line' id='line_1_2' title="bbox 1127 266 1393 312; baseline 0 0"><span class='ocrx_word' id='word_1_2' title='bbox 1127 266 1393 312; x_wconf 87' lang='grc'>-133-</span> 
     </span>
    </p>
   </div>
   <div class='ocr_carea' id='block_1_3' title="bbox 454 395 2180 2829">
    <p class='ocr_par' dir='ltr' id='par_1_3' title="bbox 454 395 2180 2829">
     <span class='ocr_line' id='line_1_3' title="bbox 461 395 1536 442; baseline 0.002 -2"><span class='ocrx_word' id='word_1_3' title='bbox 461 395 696 441; x_wconf 87' lang='lat' dir='ltr'>Venimus</span> <span class='ocrx_word' id='word_1_4' title='bbox 727 411 855 441; x_wconf 90' lang='lat' dir='ltr'><strong>nunc</strong></span> <span class='ocrx_word' id='word_1_5' title='bbox 885 397 943 442; x_wconf 88' lang='lat' dir='ltr'><strong>ad</strong></span> <span class='ocrx_word' id='word_1_6' title='bbox 977 411 1152 442; x_wconf 87' lang='lat' dir='ltr'><strong>novam</strong></span> <span class='ocrx_word' id='word_1_7' title='bbox 1183 396 1536 442; x_wconf 87' lang='lat' dir='ltr'><strong>difficultatem:</strong></span> 
     </span>
     <span class='ocr_line' id='line_1_4' title="bbox 463 491 1719 547; baseline 0.001 -11"><span class='ocrx_word' id='word_1_8' title='bbox 463 491 578 545; x_wconf 85' lang='lat' dir='ltr'><strong>quin</strong></span> <span class='ocrx_word' id='word_1_9' title='bbox 610 500 697 544; x_wconf 77' lang='lat' dir='ltr'><strong>ego</strong></span> <span class='ocrx_word' id='word_1_10' title='bbox 724 492 773 537; x_wconf 88' lang='lat' dir='ltr'><strong>in</strong></span> <span class='ocrx_word' id='word_1_11' title='bbox 804 492 990 537; x_wconf 90' lang='lat' dir='ltr'><strong>assidua</strong></span> <span class='ocrx_word' id='word_1_12' title='bbox 1022 501 1200 538; x_wconf 89' lang='lat' dir='ltr'><strong>mutem</strong></span> <span class='ocrx_word' id='word_1_13' title='bbox 1233 501 1312 538; x_wconf 90' lang='lat' dir='ltr'><strong>tua</strong></span> <span class='ocrx_word' id='word_1_14' title='bbox 1341 493 1533 538; x_wconf 89' lang='lat' dir='ltr'><strong>nomina</strong></span> <span class='ocrx_word' id='word_1_15' title='bbox 1563 493 1719 547; x_wconf 77' lang='lat' dir='ltr'><strong>lingua</strong></span> 
     </span>
     <span class='ocr_line' id='line_1_5' title="bbox 467 586 2180 640; baseline 0.002 -9"><span class='ocrx_word' id='word_1_16' title='bbox 467 586 681 632; x_wconf 86' lang='lat' dir='ltr'><strong>Verbum</strong></span> <span class='ocrx_word' id='word_1_17' title='bbox 726 587 1008 632; x_wconf 90' lang='lat' dir='ltr'><strong>mutandi</strong></span> <span class='ocrx_word' id='word_1_18' title='bbox 1039 588 1117 632; x_wconf 90' lang='lat' dir='ltr'><strong>hic</strong></span> <span class='ocrx_word' id='word_1_19' title='bbox 1160 587 1274 632; x_wconf 90' lang='lat' dir='ltr'><strong>ferri</strong></span> <span class='ocrx_word' id='word_1_20' title='bbox 1320 603 1416 632; x_wconf 90' lang='lat' dir='ltr'><strong>non</strong></span> <span class='ocrx_word' id='word_1_21' title='bbox 1463 602 1601 640; x_wconf 90' lang='lat' dir='ltr'><strong>posse</strong></span> <span class='ocrx_word' id='word_1_22' title='bbox 1632 588 1724 632; x_wconf 90' lang='lat' dir='ltr'><strong>iam</strong></span> <span class='ocrx_word' id='word_1_23' title='bbox 1758 588 2019 634; x_wconf 87' lang='lat' dir='ltr'><strong>Palmerius</strong></span> <span class='ocrx_word' id='word_1_24' title='bbox 2050 589 2180 635; x_wconf 89' lang='lat' dir='ltr'><strong>intel-</strong></span> 
     </span>
     <span class='ocr_line' id='line_1_6' title="bbox 463 682 2179 737; baseline 0.002 -11"><span class='ocrx_word' id='word_1_25' title='bbox 463 682 589 734; x_wconf 87' lang='lat' dir='ltr'><strong>lexit,</strong></span> <span class='ocrx_word' id='word_1_26' title='bbox 630 682 712 735; x_wconf 84' lang='lat' dir='ltr'><strong>qui</strong></span> <span class='ocrx_word' id='word_1_27' title='bbox 744 697 1009 727; x_wconf 90' lang='lat' dir='ltr'><strong>mussem</strong></span> <span class='ocrx_word' id='word_1_28' title='bbox 1040 682 1255 727; x_wconf 85' lang='lat' dir='ltr'><strong>coniecit.</strong></span> <span class='ocrx_word' id='word_1_29' title='bbox 1300 682 1643 736; x_wconf 81' lang='lat' dir='ltr'><strong>Hertzbergius</strong></span> <span class='ocrx_word' id='word_1_30' title='bbox 1675 691 1898 728; x_wconf 91' lang='lat' dir='ltr'><strong>motem</strong></span> <span class='ocrx_word' id='word_1_31' title='bbox 1930 684 2063 737; x_wconf 79' lang='lat' dir='ltr'><strong>legit:</strong></span> <span class='ocrx_word' id='word_1_32' title='bbox 2095 685 2179 729; x_wconf 91' lang='lat' dir='ltr'><strong>sed</strong></span> 
     </span>
     <span class='ocr_line' id='line_1_7' title="bbox 465 777 2180 830; baseline 0.001 -8"><span class='ocrx_word' id='word_1_33' title='bbox 465 791 640 822; x_wconf 88' lang='lat' dir='ltr'><strong>nomen</strong></span> <span class='ocrx_word' id='word_1_34' title='bbox 685 785 923 822; x_wconf 90' lang='lat' dir='ltr'><strong>motare</strong></span> <span class='ocrx_word' id='word_1_35' title='bbox 961 777 1021 821; x_wconf 92' lang='lat' dir='ltr'><strong>in</strong></span> <span class='ocrx_word' id='word_1_36' title='bbox 1052 777 1266 829; x_wconf 79' lang='lat' dir='ltr'><strong>lingua</strong></span> <span class='ocrx_word' id='word_1_37' title='bbox 1297 777 1412 821; x_wconf 90' lang='lat' dir='ltr'><strong>mihi</strong></span> <span class='ocrx_word' id='word_1_38' title='bbox 1443 792 1609 830; x_wconf 89' lang='lat' dir='ltr'><strong>parum</strong></span> <span class='ocrx_word' id='word_1_39' title='bbox 1643 778 1810 822; x_wconf 80' lang='lat' dir='ltr'><strong>Latine</strong></span> <span class='ocrx_word' id='word_1_40' title='bbox 1842 779 2019 823; x_wconf 91' lang='lat' dir='ltr'><strong>dictum</strong></span> <span class='ocrx_word' id='word_1_41' title='bbox 2052 779 2180 824; x_wconf 90' lang='lat' dir='ltr'><strong>vide·</strong></span> 
     </span>
     <span class='ocr_line' id='line_1_8' title="bbox 463 871 2178 925; baseline 0.002 -9"><span class='ocrx_word' id='word_1_42' title='bbox 463 881 553 924; x_wconf 90' lang='lat' dir='ltr'><strong>tur,</strong></span> <span class='ocrx_word' id='word_1_43' title='bbox 571 887 727 925; x_wconf 88' lang='lat' dir='ltr'><strong>neque</strong></span> <span class='ocrx_word' id='word_1_44' title='bbox 743 872 1026 925; x_wconf 80' lang='lat' dir='ltr'><strong>praepositio</strong></span> <span class='ocrx_word' id='word_1_45' title='bbox 1045 871 1100 916; x_wconf 93' lang='lat' dir='ltr'><strong>in</strong></span> <span class='ocrx_word' id='word_1_46' title='bbox 1118 871 1347 924; x_wconf 87' lang='lat' dir='ltr'><strong>exemplis</strong></span> <span class='ocrx_word' id='word_1_47' title='bbox 1363 886 1391 916; x_wconf 84' lang='lat' dir='ltr'><strong>a</strong></span> <span class='ocrx_word' id='word_1_48' title='bbox 1406 872 1702 917; x_wconf 87' lang='lat' dir='ltr'><strong>Rothsteinio</strong></span> <span class='ocrx_word' id='word_1_49' title='bbox 1718 874 1865 918; x_wconf 89' lang='lat' dir='ltr'><strong>allatis</strong></span> <span class='ocrx_word' id='word_1_50' title='bbox 1896 875 2178 920; x_wconf 72' lang='lat' dir='ltr'><strong>defenditur.</strong></span> 
     </span>
     <span class='ocr_line' id='line_1_9' title="bbox 462 966 2178 1020; baseline 0.003 -9"><span class='ocrx_word' id='word_1_51' title='bbox 462 966 586 1011; x_wconf 90' lang='lat' dir='ltr'><strong>Mihi</strong></span> <span class='ocrx_word' id='word_1_52' title='bbox 632 966 836 1011; x_wconf 80' lang='lat' dir='ltr'><strong>maxime</strong></span> <span class='ocrx_word' id='word_1_53' title='bbox 881 966 1055 1011; x_wconf 86' lang='lat' dir='ltr'><strong>arridet</strong></span> <span class='ocrx_word' id='word_1_54' title='bbox 1101 966 1261 1011; x_wconf 89' lang='lat' dir='ltr'><strong>Iacobi</strong></span> <span class='ocrx_word' id='word_1_55' title='bbox 1307 966 1568 1019; x_wconf 87' lang='lat' dir='ltr'><strong>inventum,</strong></span> <span class='ocrx_word' id='word_1_56' title='bbox 1616 969 1745 1020; x_wconf 87' lang='lat' dir='ltr'><strong>quod</strong></span> <span class='ocrx_word' id='word_1_57' title='bbox 1792 978 1948 1014; x_wconf 91' lang='lat' dir='ltr'><strong>tamen</strong></span> <span class='ocrx_word' id='word_1_58' title='bbox 1991 971 2178 1016; x_wconf 89' lang='lat' dir='ltr'><strong>nonnisi</strong></span> 
     </span>
     <span class='ocr_line' id='line_1_10' title="bbox 460 1061 1642 1114; baseline 0.001 -8"><span class='ocrx_word' id='word_1_59' title='bbox 460 1077 521 1106; x_wconf 86' lang='lat' dir='ltr'><strong>ex</strong></span> <span class='ocrx_word' id='word_1_60' title='bbox 551 1069 682 1114; x_wconf 85' lang='lat' dir='ltr'><strong>parte</strong></span> <span class='ocrx_word' id='word_1_61' title='bbox 714 1061 926 1114; x_wconf 85' lang='lat' dir='ltr'><strong>recipere</strong></span> <span class='ocrx_word' id='word_1_62' title='bbox 957 1061 1116 1106; x_wconf 87' lang='lat' dir='ltr'><strong>velim.</strong></span> <span class='ocrx_word' id='word_1_63' title='bbox 1150 1061 1195 1106; x_wconf 92' lang='lat' dir='ltr'><strong>Is</strong></span> <span class='ocrx_word' id='word_1_64' title='bbox 1226 1070 1383 1107; x_wconf 91' lang='lat' dir='ltr'><strong>autem</strong></span> <span class='ocrx_word' id='word_1_65' title='bbox 1415 1062 1642 1108; x_wconf 87' lang='lat' dir='ltr'><strong>coniecit:</strong></span> 
     </span>
     <span class='ocr_line' id='line_1_11' title="bbox 580 1156 1878 1213; baseline 0.002 -12"><span class='ocrx_word' id='word_1_66' title='bbox 580 1156 694 1210; x_wconf 85' lang='lat' dir='ltr'><strong>quin</strong></span> <span class='ocrx_word' id='word_1_67' title='bbox 725 1165 812 1210; x_wconf 75' lang='lat' dir='ltr'><strong>ego</strong></span> <span class='ocrx_word' id='word_1_68' title='bbox 842 1156 890 1201; x_wconf 93' lang='lat' dir='ltr'><strong>in</strong></span> <span class='ocrx_word' id='word_1_69' title='bbox 922 1156 1108 1201; x_wconf 88' lang='lat' dir='ltr'><strong>assidua</strong></span> <span class='ocrx_word' id='word_1_70' title='bbox 1138 1165 1343 1202; x_wconf 87' lang='lat' dir='ltr'><strong>metuam</strong></span> <span class='ocrx_word' id='word_1_71' title='bbox 1376 1165 1456 1202; x_wconf 91' lang='lat' dir='ltr'><strong>tua</strong></span> <span class='ocrx_word' id='word_1_72' title='bbox 1486 1158 1679 1203; x_wconf 91' lang='lat' dir='ltr'><strong>nomina</strong></span> <span class='ocrx_word' id='word_1_73' title='bbox 1709 1159 1878 1213; x_wconf 79' lang='lat' dir='ltr'><strong>lingua,</strong></span> 
     </span>
     <span class='ocr_line' id='line_1_12' title="bbox 697 1251 1550 1299; baseline 0 -2"><span class='ocrx_word' id='word_1_74' title='bbox 697 1251 877 1297; x_wconf 86' lang='lat' dir='ltr'><strong>absenti</strong></span> <span class='ocrx_word' id='word_1_75' title='bbox 909 1267 1051 1297; x_wconf 91' lang='lat' dir='ltr'><strong>nemo</strong></span> <span class='ocrx_word' id='word_1_76' title='bbox 1083 1267 1144 1297; x_wconf 91' lang='lat' dir='ltr'><strong>ne</strong></span> <span class='ocrx_word' id='word_1_77' title='bbox 1175 1253 1392 1298; x_wconf 86' lang='lat' dir='ltr'><strong>nocuisse</strong></span> <span class='ocrx_word' id='word_1_78' title='bbox 1424 1254 1550 1299; x_wconf 89' lang='lat' dir='ltr'><strong>velit.</strong></span> 
     </span>
     <span class='ocr_line' id='line_1_13' title="bbox 461 1347 1479 1399; baseline 0.001 -7"><span class='ocrx_word' id='word_1_79' title='bbox 461 1347 694 1393; x_wconf 91' lang='lat' dir='ltr'><strong>Ultimum</strong></span> <span class='ocrx_word' id='word_1_80' title='bbox 726 1361 919 1392; x_wconf 81' lang='lat' dir='ltr'><strong>versum</strong></span> <span class='ocrx_word' id='word_1_81' title='bbox 951 1362 1060 1392; x_wconf 90' lang='lat' dir='ltr'><strong>cum</strong></span> <span class='ocrx_word' id='word_1_82' title='bbox 1095 1347 1269 1399; x_wconf 88' lang='lat' dir='ltr'><strong>Paleyo</strong></span> <span class='ocrx_word' id='word_1_83' title='bbox 1300 1347 1479 1393; x_wconf 89' lang='lat' dir='ltr'><strong>scribo:</strong></span> 
     </span>
     <span class='ocr_line' id='line_1_14' title="bbox 609 1441 1465 1488; baseline 0.001 -2"><span class='ocrx_word' id='word_1_84' title='bbox 609 1442 789 1487; x_wconf 88' lang='lat' dir='ltr'><strong>absenti</strong></span> <span class='ocrx_word' id='word_1_85' title='bbox 821 1456 963 1487; x_wconf 93' lang='lat' dir='ltr'><strong>nemo</strong></span> <span class='ocrx_word' id='word_1_86' title='bbox 994 1441 1058 1486; x_wconf 93' lang='lat' dir='ltr'><strong>mi</strong></span> <span class='ocrx_word' id='word_1_87' title='bbox 1091 1442 1307 1487; x_wconf 86' lang='lat' dir='ltr'><strong>nocuisse</strong></span> <span class='ocrx_word' id='word_1_88' title='bbox 1337 1443 1465 1488; x_wconf 89' lang='lat' dir='ltr'><strong>velit.</strong></span> 
     </span>
     <span class='ocr_line' id='line_1_15' title="bbox 459 1537 2173 1594; baseline 0.002 -12"><span class='ocrx_word' id='word_1_89' title='bbox 459 1537 636 1583; x_wconf 88' lang='lat' dir='ltr'><strong>Melius</strong></span> <span class='ocrx_word' id='word_1_90' title='bbox 681 1537 809 1582; x_wconf 91' lang='lat' dir='ltr'><strong>enim</strong></span> <span class='ocrx_word' id='word_1_91' title='bbox 855 1552 1047 1582; x_wconf 88' lang='lat' dir='ltr'><strong>carmen</strong></span> <span class='ocrx_word' id='word_1_92' title='bbox 1093 1537 1340 1590; x_wconf 85' lang='lat' dir='ltr'><strong>clauditur,</strong></span> <span class='ocrx_word' id='word_1_93' title='bbox 1386 1538 1424 1583; x_wconf 91' lang='lat' dir='ltr'><strong>si</strong></span> <span class='ocrx_word' id='word_1_94' title='bbox 1457 1547 1595 1591; x_wconf 90' lang='lat' dir='ltr'><strong>poeta</strong></span> <span class='ocrx_word' id='word_1_95' title='bbox 1626 1554 1721 1584; x_wconf 90' lang='lat' dir='ltr'><strong>non</strong></span> <span class='ocrx_word' id='word_1_96' title='bbox 1754 1541 1933 1592; x_wconf 86' lang='lat' dir='ltr'><strong>metuit,</strong></span> <span class='ocrx_word' id='word_1_97' title='bbox 1965 1556 2027 1586; x_wconf 90' lang='lat' dir='ltr'><strong>ne</strong></span> <span class='ocrx_word' id='word_1_98' title='bbox 2059 1542 2173 1594; x_wconf 85' lang='lat' dir='ltr'><strong>quid</strong></span> 
     </span>
     <span class='ocr_line' id='line_1_16' title="bbox 458 1632 1833 1685; baseline 0.001 -8"><span class='ocrx_word' id='word_1_99' title='bbox 458 1632 546 1678; x_wconf 88' lang='lat' dir='ltr'><strong>sibi</strong></span> <span class='ocrx_word' id='word_1_100' title='bbox 578 1642 757 1684; x_wconf 87' lang='lat' dir='ltr'><strong>noceat,</strong></span> <span class='ocrx_word' id='word_1_101' title='bbox 789 1633 872 1678; x_wconf 90' lang='lat' dir='ltr'><strong>sed</strong></span> <span class='ocrx_word' id='word_1_102' title='bbox 904 1632 942 1677; x_wconf 89' lang='lat' dir='ltr'><strong>si</strong></span> <span class='ocrx_word' id='word_1_103' title='bbox 973 1641 1129 1685; x_wconf 85' lang='lat' dir='ltr'><strong>sperat</strong></span> <span class='ocrx_word' id='word_1_104' title='bbox 1159 1633 1399 1678; x_wconf 82' lang='lat' dir='ltr'><strong>neminem</strong></span> <span class='ocrx_word' id='word_1_105' title='bbox 1431 1634 1519 1679; x_wconf 90' lang='lat' dir='ltr'><strong>sibi</strong></span> <span class='ocrx_word' id='word_1_106' title='bbox 1551 1635 1833 1680; x_wconf 89' lang='lat' dir='ltr'><strong>nociturum.</strong></span> 
     </span>
     <span class='ocr_line' id='line_1_17' title="bbox 460 1727 2173 1784; baseline 0.003 -12"><span class='ocrx_word' id='word_1_107' title='bbox 460 1727 535 1772; x_wconf 90' lang='lat' dir='ltr'><strong>Mi</strong></span> <span class='ocrx_word' id='word_1_108' title='bbox 565 1736 673 1772; x_wconf 89' lang='lat' dir='ltr'><strong>ante</strong></span> <span class='ocrx_word' id='word_1_109' title='bbox 704 1743 735 1772; x_wconf 91' lang='lat' dir='ltr'><strong>n</strong></span> <span class='ocrx_word' id='word_1_110' title='bbox 767 1727 987 1773; x_wconf 84' lang='lat' dir='ltr'><strong>excidere</strong></span> <span class='ocrx_word' id='word_1_111' title='bbox 1019 1727 1152 1773; x_wconf 76' lang='lat' dir='ltr'><strong>facile</strong></span> <span class='ocrx_word' id='word_1_112' title='bbox 1183 1737 1377 1782; x_wconf 92' lang='lat' dir='ltr'><strong>poterat,</strong></span> <span class='ocrx_word' id='word_1_113' title='bbox 1396 1729 1569 1774; x_wconf 89' lang='lat' dir='ltr'><strong>deinde</strong></span> <span class='ocrx_word' id='word_1_114' title='bbox 1586 1730 1645 1774; x_wconf 89' lang='lat' dir='ltr'><strong>ad</strong></span> <span class='ocrx_word' id='word_1_115' title='bbox 1663 1739 1866 1775; x_wconf 91' lang='lat' dir='ltr'><strong>metrum</strong></span> <span class='ocrx_word' id='word_1_116' title='bbox 1885 1732 2173 1784; x_wconf 88' lang='lat' dir='ltr'><strong>explendum</strong></span> 
     </span>
     <span class='ocr_line' id='line_1_18' title="bbox 460 1819 1291 1879; baseline 0 -12"><span class='ocrx_word' id='word_1_117' title='bbox 460 1838 490 1867; x_wconf 91' lang='lat' dir='ltr'><strong>n</strong></span> <span class='ocrx_word' id='word_1_118' title='bbox 507 1837 537 1868; x_wconf 94' lang='lat' dir='ltr'><strong>o</strong></span> <span class='ocrx_word' id='word_1_119' title='bbox 553 1838 583 1867; x_wconf 93' lang='lat' dir='ltr'><strong>n</strong></span> <span class='ocrx_word' id='word_1_120' title='bbox 616 1820 709 1879; x_wconf 89' lang='lat' dir='ltr'><strong>(sic</strong></span> <span class='ocrx_word' id='word_1_121' title='bbox 741 1819 816 1879; x_wconf 92' lang='grc' dir='ltr'><strong>Ο)</strong></span> <span class='ocrx_word' id='word_1_122' title='bbox 846 1822 1057 1867; x_wconf 92' lang='lat' dir='ltr'><strong>additum</strong></span> <span class='ocrx_word' id='word_1_123' title='bbox 1089 1823 1291 1868; x_wconf 88' lang='lat' dir='ltr'><strong>videtur.</strong></span> 
     </span>
     <span class='ocr_line' id='line_1_19' title="bbox 459 1917 2171 1973; baseline 0.004 -11"><span class='ocrx_word' id='word_1_124' title='bbox 459 1917 633 1962; x_wconf 92' lang='lat' dir='ltr'><strong>Totum</strong></span> <span class='ocrx_word' id='word_1_125' title='bbox 666 1918 822 1962; x_wconf 89' lang='lat' dir='ltr'><strong>locum</strong></span> <span class='ocrx_word' id='word_1_126' title='bbox 854 1917 917 1962; x_wconf 91' lang='lat' dir='ltr'><strong>ita</strong></span> <span class='ocrx_word' id='word_1_127' title='bbox 947 1917 1229 1970; x_wconf 90' lang='lat' dir='ltr'><strong>interpretor</strong></span> <span class='ocrx_word' id='word_1_128' title='bbox 1272 1933 1284 1962; x_wconf 74' lang='grc' dir='ltr'><strong>ε</strong></span> <span class='ocrx_word' id='word_1_129' title='bbox 1318 1918 1590 1971; x_wconf 90' lang='lat' dir='ltr'><strong>Propertius</strong></span> <span class='ocrx_word' id='word_1_130' title='bbox 1622 1921 1703 1973; x_wconf 86' lang='lat' dir='ltr'><strong>qui</strong></span> <span class='ocrx_word' id='word_1_131' title='bbox 1737 1921 1868 1966; x_wconf 90' lang='lat' dir='ltr'><strong>initio</strong></span> <span class='ocrx_word' id='word_1_132' title='bbox 1883 1923 2104 1968; x_wconf 89' lang='lat' dir='ltr'><strong>carminis</strong></span> <span class='ocrx_word' id='word_1_133' title='bbox 2121 1938 2171 1968; x_wconf 92' lang='lat' dir='ltr'><strong>se</strong></span> 
     </span>
     <span class='ocr_line' id='line_1_20' title="bbox 459 2012 2171 2070; baseline 0.004 -14"><span class='ocrx_word' id='word_1_134' title='bbox 459 2027 586 2057; x_wconf 89' lang='lat' dir='ltr'><strong>nunc</strong></span> <span class='ocrx_word' id='word_1_135' title='bbox 630 2012 820 2057; x_wconf 90' lang='lat' dir='ltr'><strong>tandem</strong></span> <span class='ocrx_word' id='word_1_136' title='bbox 863 2012 1075 2065; x_wconf 85' lang='lat' dir='ltr'><strong>quietum</strong></span> <span class='ocrx_word' id='word_1_137' title='bbox 1106 2014 1208 2057; x_wconf 71' lang='lat' dir='ltr'><strong>iore</strong></span> <span class='ocrx_word' id='word_1_138' title='bbox 1240 2013 1366 2065; x_wconf 90' lang='lat' dir='ltr'><strong>dicit,</strong></span> <span class='ocrx_word' id='word_1_139' title='bbox 1398 2015 1620 2066; x_wconf 90' lang='lat' dir='ltr'><strong>quoniam</strong></span> <span class='ocrx_word' id='word_1_140' title='bbox 1653 2018 1809 2068; x_wconf 90' lang='lat' dir='ltr'><strong>puella</strong></span> <span class='ocrx_word' id='word_1_141' title='bbox 1839 2032 1919 2062; x_wconf 88' lang='lat' dir='ltr'><strong>rus</strong></span> <span class='ocrx_word' id='word_1_142' title='bbox 1950 2017 2070 2062; x_wconf 89' lang='lat' dir='ltr'><strong>itura</strong></span> <span class='ocrx_word' id='word_1_143' title='bbox 2101 2018 2171 2070; x_wconf 90' lang='lat' dir='ltr'><strong>sit,</strong></span> 
     </span>
     <span class='ocr_line' id='line_1_21' title="bbox 459 2106 2171 2166; baseline 0.005 -15"><span class='ocrx_word' id='word_1_144' title='bbox 459 2107 675 2152; x_wconf 85' lang='lat' dir='ltr'><strong>versibus</strong></span> <span class='ocrx_word' id='word_1_145' title='bbox 691 2106 763 2152; x_wconf 88' lang='lat'><strong>27.</strong></span> <span class='ocrx_word' id='word_1_146' title='bbox 779 2106 837 2152; x_wconf 89' lang='lat'><strong>28</strong></span> <span class='ocrx_word' id='word_1_147' title='bbox 853 2107 1132 2153; x_wconf 85' lang='lat' dir='ltr'><strong>anxietatem</strong></span> <span class='ocrx_word' id='word_1_148' title='bbox 1165 2109 1321 2162; x_wconf 89' lang='lat' dir='ltr'><strong>prodit</strong></span> <span class='ocrx_word' id='word_1_149' title='bbox 1338 2133 1395 2140; x_wconf 92' lang='lat'><strong>—</strong></span> <span class='ocrx_word' id='word_1_150' title='bbox 1411 2124 1487 2154; x_wconf 93' lang='lat' dir='ltr'><strong>res</strong></span> <span class='ocrx_word' id='word_1_151' title='bbox 1518 2119 1589 2155; x_wconf 91' lang='lat' dir='ltr'><strong>est</strong></span> <span class='ocrx_word' id='word_1_152' title='bbox 1619 2112 1801 2158; x_wconf 91' lang='lat' dir='ltr'><strong>solliciti</strong></span> <span class='ocrx_word' id='word_1_153' title='bbox 1833 2114 1971 2166; x_wconf 87' lang='lat' dir='ltr'><strong>plena</strong></span> <span class='ocrx_word' id='word_1_154' title='bbox 1992 2114 2171 2159; x_wconf 90' lang='lat' dir='ltr'><strong>timoris</strong></span> 
     </span>
     <span class='ocr_line' id='line_1_22' title="bbox 458 2203 1389 2255; baseline 0.003 -8"><span class='ocrx_word' id='word_1_155' title='bbox 458 2217 591 2247; x_wconf 91' lang='lat' dir='ltr'><strong>amor</strong></span> <span class='ocrx_word' id='word_1_156' title='bbox 621 2226 679 2234; x_wconf 90' lang='lat'>—</span> <span class='ocrx_word' id='word_1_157' title='bbox 711 2203 778 2247; x_wconf 92' lang='lat' dir='ltr'><strong>sic</strong></span> <span class='ocrx_word' id='word_1_158' title='bbox 808 2203 935 2247; x_wconf 91' lang='lat' dir='ltr'><strong>enim</strong></span> <span class='ocrx_word' id='word_1_159' title='bbox 967 2204 1170 2255; x_wconf 90' lang='lat' dir='ltr'><strong>puellam</strong></span> <span class='ocrx_word' id='word_1_160' title='bbox 1203 2213 1389 2250; x_wconf 87' lang='lat' dir='ltr'><strong>monet:</strong></span> 
     </span>
     <span class='ocr_line' id='line_1_23' title="bbox 574 2298 1768 2353; baseline 0.004 -11"><span class='ocrx_word' id='word_1_161' title='bbox 574 2306 623 2342; x_wconf 90' lang='lat' dir='ltr'><strong>tu</strong></span> <span class='ocrx_word' id='word_1_162' title='bbox 655 2298 871 2351; x_wconf 89' lang='lat' dir='ltr'><strong>quotiens</strong></span> <span class='ocrx_word' id='word_1_163' title='bbox 901 2298 1076 2351; x_wconf 89' lang='lat' dir='ltr'><strong>aliquid</strong></span> <span class='ocrx_word' id='word_1_164' title='bbox 1108 2300 1356 2352; x_wconf 89' lang='lat' dir='ltr'><strong>conabere,</strong></span> <span class='ocrx_word' id='word_1_165' title='bbox 1388 2301 1496 2353; x_wconf 88' lang='lat' dir='ltr'><strong>vita,</strong></span> <span class='ocrx_word' id='word_1_166' title='bbox 1530 2311 1768 2347; x_wconf 89' lang='lat' dir='ltr'><strong>memento</strong></span> 
     </span>
     <span class='ocr_line' id='line_1_24' title="bbox 692 2394 1637 2449; baseline 0.005 -12"><span class='ocrx_word' id='word_1_167' title='bbox 692 2402 945 2438; x_wconf 90' lang='lat' dir='ltr'><strong>venturum</strong></span> <span class='ocrx_word' id='word_1_168' title='bbox 977 2394 1137 2446; x_wconf 88' lang='lat' dir='ltr'><strong>paucis</strong></span> <span class='ocrx_word' id='word_1_169' title='bbox 1169 2409 1245 2439; x_wconf 94' lang='lat' dir='ltr'><strong>me</strong></span> <span class='ocrx_word' id='word_1_170' title='bbox 1276 2394 1359 2439; x_wconf 91' lang='lat' dir='ltr'><strong>tibi</strong></span> <span class='ocrx_word' id='word_1_171' title='bbox 1392 2395 1637 2449; x_wconf 78' lang='lat' dir='ltr'><strong>Luciferis,</strong></span> 
     </span>
     <span class='ocr_line' id='line_1_25' title="bbox 455 2488 2168 2546; baseline 0.005 -14"><span class='ocrx_word' id='word_1_172' title='bbox 455 2488 583 2539; x_wconf 87' lang='lat' dir='ltr'><strong>quod</strong></span> <span class='ocrx_word' id='word_1_173' title='bbox 629 2488 933 2540; x_wconf 87' lang='lat' dir='ltr'><strong>sequentibus</strong></span> <span class='ocrx_word' id='word_1_174' title='bbox 979 2489 1194 2534; x_wconf 91' lang='lat' dir='ltr'><strong>versibus</strong></span> <span class='ocrx_word' id='word_1_175' title='bbox 1240 2491 1465 2543; x_wconf 85' lang='lat' dir='ltr'><strong>explicat:</strong></span> <span class='ocrx_word' id='word_1_176' title='bbox 1518 2506 1579 2535; x_wconf 91' lang='lat' dir='ltr'><strong>ne</strong></span> <span class='ocrx_word' id='word_1_177' title='bbox 1625 2492 1770 2537; x_wconf 88' lang='lat' dir='ltr'><strong>silvae</strong></span> <span class='ocrx_word' id='word_1_178' title='bbox 1816 2494 2009 2546; x_wconf 89' lang='lat' dir='ltr'><strong>quidem</strong></span> <span class='ocrx_word' id='word_1_179' title='bbox 2054 2496 2168 2540; x_wconf 90' lang='lat' dir='ltr'><strong>mihi</strong></span> 
     </span>
     <span class='ocr_line' id='line_1_26' title="bbox 455 2582 2167 2640; baseline 0.005 -14"><span class='ocrx_word' id='word_1_180' title='bbox 455 2597 616 2627; x_wconf 90' lang='lat' dir='ltr'><strong>curam</strong></span> <span class='ocrx_word' id='word_1_181' title='bbox 663 2582 729 2627; x_wconf 90' lang='lat' dir='ltr'><strong>sic</strong></span> <span class='ocrx_word' id='word_1_182' title='bbox 774 2583 984 2628; x_wconf 89' lang='lat' dir='ltr'><strong>adimere</strong></span> <span class='ocrx_word' id='word_1_183' title='bbox 1030 2594 1239 2636; x_wconf 85' lang='lat' dir='ltr'><strong>possunt,</strong></span> <span class='ocrx_word' id='word_1_184' title='bbox 1286 2594 1336 2630; x_wconf 92' lang='lat' dir='ltr'><strong>ut</strong></span> <span class='ocrx_word' id='word_1_185' title='bbox 1382 2586 1497 2630; x_wconf 92' lang='lat' dir='ltr'><strong>nihil</strong></span> <span class='ocrx_word' id='word_1_186' title='bbox 1529 2595 1734 2631; x_wconf 90' lang='lat' dir='ltr'><strong>metuam</strong></span> <span class='ocrx_word' id='word_1_187' title='bbox 1779 2589 2167 2640; x_wconf 90' lang='lat' dir='ltr'><strong>„pulchritudinis</strong></span> 
     </span>
     <span class='ocr_line' id='line_1_27' title="bbox 457 2677 2166 2738; baseline 0.004 -17"><span class='ocrx_word' id='word_1_188' title='bbox 457 2692 511 2721; x_wconf 90' lang='lat' dir='ltr'><strong>ac</strong></span> <span class='ocrx_word' id='word_1_189' title='bbox 556 2678 796 2723; x_wconf 88' lang='lat' dir='ltr'><strong>doctrinae</strong></span> <span class='ocrx_word' id='word_1_190' title='bbox 842 2687 949 2724; x_wconf 88' lang='lat' dir='ltr'><strong>tuae</strong></span> <span class='ocrx_word' id='word_1_191' title='bbox 995 2680 1194 2724; x_wconf 74' lang='lat' dir='ltr'><strong>tamam’‘</strong></span> <span class='ocrx_word' id='word_1_192' title='bbox 1212 2677 1254 2738; x_wconf 83' lang='lat'><strong>¹)</strong></span> <span class='ocrx_word' id='word_1_193' title='bbox 1310 2696 1432 2734; x_wconf 88' lang='lat' dir='ltr'><strong>quae</strong></span> <span class='ocrx_word' id='word_1_194' title='bbox 1478 2696 1666 2734; x_wconf 90' lang='lat' dir='ltr'><strong>semper</strong></span> <span class='ocrx_word' id='word_1_195' title='bbox 1712 2681 1759 2726; x_wconf 90' lang='lat' dir='ltr'><strong>in</strong></span> <span class='ocrx_word' id='word_1_196' title='bbox 1806 2682 1959 2726; x_wconf 90' lang='lat' dir='ltr'><strong>omnis</strong></span> <span class='ocrx_word' id='word_1_197' title='bbox 2005 2685 2166 2736; x_wconf 91' lang='lat' dir='ltr'><strong>populi</strong></span> 
     </span>
     <span class='ocr_line' id='line_1_28' title="bbox 454 2772 2166 2829; baseline 0.004 -13"><span class='ocrx_word' id='word_1_198' title='bbox 454 2786 536 2816; x_wconf 88' lang='lat' dir='ltr'><strong>ore</strong></span> <span class='ocrx_word' id='word_1_199' title='bbox 562 2780 645 2817; x_wconf 61' lang='lat' dir='ltr'><strong>est.</strong></span> <span class='ocrx_word' id='word_1_200' title='bbox 663 2772 898 2818; x_wconf 90' lang='lat' dir='ltr'><strong>Pluralem</strong></span> <span class='ocrx_word' id='word_1_201' title='bbox 930 2789 961 2818; x_wconf 90' lang='lat' dir='ltr'><strong>n</strong></span> <span class='ocrx_word' id='word_1_202' title='bbox 978 2789 1008 2819; x_wconf 93' lang='lat' dir='ltr'><strong>o</strong></span> <span class='ocrx_word' id='word_1_203' title='bbox 1026 2790 1072 2818; x_wconf 93' lang='lat' dir='ltr'><strong>m</strong></span> <span class='ocrx_word' id='word_1_204' title='bbox 1090 2775 1105 2819; x_wconf 95' lang='lat' dir='ltr'><strong>i</strong></span> <span class='ocrx_word' id='word_1_205' title='bbox 1123 2790 1153 2819; x_wconf 90' lang='lat' dir='ltr'><strong>n</strong></span> <span class='ocrx_word' id='word_1_206' title='bbox 1170 2790 1210 2827; x_wconf 91' lang='lat' dir='ltr'><strong>a,</strong></span> <span class='ocrx_word' id='word_1_207' title='bbox 1241 2775 1322 2827; x_wconf 85' lang='lat' dir='ltr'><strong>qui</strong></span> <span class='ocrx_word' id='word_1_208' title='bbox 1354 2775 1455 2820; x_wconf 92' lang='lat' dir='ltr'><strong>sine</strong></span> <span class='ocrx_word' id='word_1_209' title='bbox 1484 2776 1629 2821; x_wconf 91' lang='lat' dir='ltr'><strong>dubio</strong></span> <span class='ocrx_word' id='word_1_210' title='bbox 1646 2776 1857 2821; x_wconf 90' lang='lat' dir='ltr'><strong>insolitus</strong></span> <span class='ocrx_word' id='word_1_211' title='bbox 1874 2786 1956 2829; x_wconf 87' lang='lat' dir='ltr'><strong>est,</strong></span> <span class='ocrx_word' id='word_1_212' title='bbox 1973 2778 2166 2823; x_wconf 81' lang='lat' dir='ltr'><strong>fortasse</strong></span> 
     </span>
    </p>
   </div>
   <div class='ocr_carea' id='block_1_4' title="bbox 454 2866 1945 2925">
    <p class='ocr_par' dir='ltr' id='par_1_4' title="bbox 454 2866 1945 2925">
     <span class='ocr_line' id='line_1_29' title="bbox 454 2866 1945 2925; baseline 0.004 -14"><span class='ocrx_word' id='word_1_213' title='bbox 454 2866 611 2911; x_wconf 85' lang='lat' dir='ltr'><strong>Iacobi</strong></span> <span class='ocrx_word' id='word_1_214' title='bbox 642 2868 911 2913; x_wconf 89' lang='lat' dir='ltr'><strong>coniectura</strong></span> <span class='ocrx_word' id='word_1_215' title='bbox 941 2877 988 2913; x_wconf 88' lang='lat' dir='ltr'><strong>et</strong></span> <span class='ocrx_word' id='word_1_216' title='bbox 1018 2869 1400 2922; x_wconf 88' lang='lat' dir='ltr'><strong>interpretatione</strong></span> <span class='ocrx_word' id='word_1_217' title='bbox 1435 2871 1602 2916; x_wconf 91' lang='lat' dir='ltr'><strong>melius</strong></span> <span class='ocrx_word' id='word_1_218' title='bbox 1634 2871 1945 2925; x_wconf 79' lang='lat' dir='ltr'><strong>intelligimus.</strong></span> 
     </span>
    </p>
   </div>
   <div class='ocr_carea' id='block_1_5' title="bbox 318 3412 601 3421">
    <p class='ocr_par' dir='ltr' id='par_1_5' title="bbox 318 3412 601 3421">
     <span class='ocr_line' id='line_1_30' title="bbox 318 3412 601 3421; baseline 0 0"><span class='ocrx_word' id='word_1_219' title='bbox 318 3412 601 3421; x_wconf 95' lang='lat' dir='ltr'><strong> </strong></span> 
     </span>
    </p>
   </div>
   <div class='ocr_carea' id='block_1_6' title="bbox 366 3446 837 3497">
    <p class='ocr_par' dir='ltr' id='par_1_6' title="bbox 366 3446 837 3497">
     <span class='ocr_line' id='line_1_31' title="bbox 366 3446 837 3497; baseline 0.008 -13"><span class='ocrx_word' id='word_1_220' title='bbox 366 3446 398 3497; x_wconf 88' lang='lat'><strong>¹)</strong></span> <span class='ocrx_word' id='word_1_221' title='bbox 446 3450 569 3487; x_wconf 78' lang='lat' dir='ltr'><strong>Iacobi</strong></span> <span class='ocrx_word' id='word_1_222' title='bbox 595 3451 719 3486; x_wconf 74' lang='lat' dir='ltr'><strong>verbi·</strong></span> <span class='ocrx_word' id='word_1_223' title='bbox 741 3460 837 3492; x_wconf 77' lang='lat' dir='ltr'><strong>utor.</strong></span> 
     </span>
    </p>
   </div>
  </div>
 </body>
</html>
