2566 3886
322 399 393 446 37.

327 1249 400 1295 41.

1105 263 1370 310 -333-

453 407 533 446 aut
562 398 746 444 Nomas
775 411 967 443 arcanas
997 396 1125 441 tollat
1154 402 1343 440 versuta
1371 393 1539 438 salivas

454 493 636 539 Versus
681 491 950 538 sanissimus
995 498 1123 536 recte
1167 489 1226 535 ab
1274 487 1568 533 Rothsteinio
1614 487 1869 540 explicatus
1913 496 2006 539 est3
2053 488 2167 540 quid

455 597 612 633 autem
660 585 931 632 Baehrensii
974 585 1267 631 coniectura:
1311 585 1460 629 haut
1504 583 1734 629 Nomas
1776 599 1883 637 eqs
1925 584 2012 629 sibi
2056 584 2170 629 velit

455 684 605 729 fateor
635 697 712 727 me
743 696 840 727 non
871 681 1141 734 inteuigere.
1186 679 1280 724 Pro
1311 694 1382 724 au
1398 687 1415 722 t
1446 678 1704 731 Postgatius
1736 678 1784 723 in
1817 678 2022 723 editione
2056 677 2170 724 1894

458 777 618 823 scribit
660 785 732 829 et,
775 776 904 828 quod
950 775 1064 820 mihi
1108 789 1276 820 verum
1320 772 1533 818 videtur:
1578 782 1624 817 et
1666 774 1727 818 de
1760 773 2003 826 Lygdamo
2034 782 2080 818 et
2111 774 2170 818 de

459 870 680 917 Nomade
711 870 920 924 quaestio
951 869 1200 914 habeatur:
1243 882 1352 912 nam
1393 867 1687 920 Lygdamum
1719 867 1842 912 vitae
1873 882 1983 912 suae
2015 867 2170 912 insidi-

459 974 586 1011 atum
628 979 731 1010 esse
771 964 872 1018 ipsa
914 964 1026 1009 dicit
1068 977 1209 1008 versu
1253 961 1310 1007 36
1347 977 1503 1014 neque
1535 961 1718 1007 Nomas
1749 962 1976 1007 innocens
2007 971 2089 1014 est,
2121 971 2172 1006 ut

460 1075 601 1106 versu
633 1057 690 1104 38
718 1059 954 1112 significat.

460 1257 506 1294 et
535 1247 749 1302 graviora
778 1246 994 1300 rependit
1023 1246 1196 1300 iniquis
1226 1261 1371 1300 pensa
1400 1246 1607 1300 quasillis

461 1341 761 1395 rependit
791 1350 918 1387 recte
950 1341 1057 1395 legit
1088 1341 1428 1394 Neapolitanus
1459 1341 1519 1386 cf.
1552 1341 1645 1387 Ov.
1678 1343 1777 1387 her.
1809 1342 1896 1394 IX,
1928 1341 2011 1388 78:

610 1437 844 1483 formosae
875 1450 1020 1489 pensa
1049 1436 1270 1490 rependis
1300 1451 1408 1482 erae

462 1531 775 1578 Baehrensius
815 1546 842 1576 a
872 1531 1072 1577 lectione
1119 1530 1164 1576 Ο
1212 1532 1447 1584 profectus
1493 1547 1580 1584 pro
1624 1532 1650 1576 f
1656 1547 1732 1576 un
1747 1532 1832 1576 dit
1878 1532 1946 1576 in
1961 1532 1977 1576 i
1992 1548 2071 1576 un
2086 1533 2177 1586 git

462 1626 675 1678 coniecit,
706 1627 834 1680 quod
865 1626 1043 1671 bonum
1074 1627 1266 1680 quidem
1298 1626 1492 1678 praebet
1521 1641 1725 1678 sensum,
1757 1627 1840 1671 sed
1871 1626 1920 1671 in
1952 1641 2004 1671 re
2035 1627 2179 1671 dubia

463 1735 651 1773 semper
691 1721 858 1766 melior
900 1720 1239 1775 Neapolitanus
1279 1722 1548 1775 sequendus
1579 1730 1649 1766 est
1679 1730 1724 1766 et
1755 1722 1846 1766 hoo
1876 1722 1981 1766 loco
2012 1736 2178 1766 versus

466 1814 629 1861 Ovidii
662 1815 961 1868 Neapolitani
991 1816 1240 1862 lectionem
1272 1816 1454 1870 egregie
1484 1816 1742 1862 confirmat.

334 2003 405 2049 47.
437 2003 508 2049 48.
571 2003 677 2049 Hos
729 2018 894 2050 versus
940 2019 1049 2049 eum
1096 2003 1359 2050 Sehradero
1405 2014 1509 2058 post
1554 2005 1612 2050 40
1659 2005 2031 2058 transponendos
2077 2020 2179 2050 esse

336 2481 407 2526 51.

340 2952 411 2998 55.

341 3140 413 3187 57.

343 3328 415 3374 59.

466 2098 692 2144 intellexit
723 2098 994 2152 Postgatius‚
1026 2099 1102 2144 cui
1134 2099 1333 2145 libenter
1363 2101 1602 2145 assentior.
1635 2101 1691 2145 In
1723 2109 1852 2146 textu
1884 2100 2051 2145 tradito
2078 2115 2180 2144 ver-

466 2208 545 2238 sus
576 2192 707 2239 47.48
739 2209 834 2239 non
866 2194 927 2239 de
959 2193 1202 2247 Chloride,
1234 2195 1318 2240 sed
1350 2196 1410 2240 de
1443 2195 1612 2249 Lalage
1643 2195 1754 2240 dicti
1785 2195 2020 2240 videntur.

470 2287 565 2333 Pro
595 2288 873 2341 ardente,
904 2290 1033 2342 quod
1065 2289 1113 2334 in
1145 2288 1192 2334 O
1224 2290 1404 2343 legitur,
1433 2305 1541 2335 cum
1571 2290 1697 2335 Italis
1728 2291 1831 2344 lego
1861 2290 2108 2335 ardenti
2139 2305 2180 2334 e.

467 2480 572 2526 iuro
603 2490 688 2535 ego
720 2481 945 2527 Fatorum
977 2482 1092 2528 nulli
1123 2483 1385 2528 revolubile
1415 2498 1620 2529 carmen.

468 2576 774 2622 Adiectivum
811 2592 835 2622 r
847 2592 874 2622 e
886 2592 918 2622 v
929 2592 958 2622 o
970 2578 1027 2623 lu
1041 2577 1072 2622 b
1085 2578 1100 2622 i
1111 2578 1127 2622 1
1138 2593 1165 2622 e
1202 2587 1476 2631 argumento
1507 2587 1576 2623 est
1607 2593 1775 2624 vocem
1807 2594 1833 2624 c
1845 2594 1872 2624 a
1884 2594 1908 2623 r
1921 2594 1968 2623 m
1983 2594 2010 2624 e
2023 2594 2054 2623 n
2084 2593 2182 2623 cor-

468 2679 653 2723 ruptam
685 2686 813 2716 esse:
845 2686 954 2716 cum
984 2671 1108 2716 Italis
1139 2687 1161 2717 s
1177 2680 1196 2718 t
1209 2686 1237 2717 a
1253 2688 1300 2718 m
1308 2687 1344 2738 ε
1360 2688 1391 2717 n
1423 2673 1540 2726 lego,
1567 2674 1695 2726 quod
1712 2673 1976 2718 Hartmano
1993 2687 2182 2726 quoque

470 2765 707 2818 probatur.

472 2967 580 2998 nam
611 2953 796 3007 gemina
825 2962 895 2999 est
925 2955 1061 2999 sedes
1092 2963 1276 3007 turpem
1310 2955 1468 3000 sortita
1498 2971 1584 3009 per
1614 2971 1816 3009 amnem,

531 3047 761 3100 turbaque
792 3047 979 3093 diversa
1009 3048 1201 3101 remigat
1231 3049 1384 3094 omnis
1413 3064 1548 3103 aqua.

473 3155 568 3187 una
598 3140 967 3194 Clytaemestrae
997 3150 1209 3195 stuprum
1241 3143 1384 3195 vehit,
1415 3144 1558 3189 altera
1589 3143 1790 3189 Cressae

539 3243 691 3288 portat
722 3235 942 3281 mentitae
973 3236 1124 3290 lignea
1154 3245 1360 3282 monstra
1391 3237 1539 3282 bovis.

476 3344 588 3375 eece
620 3338 842 3375 coronato
873 3344 980 3382 pars
1010 3331 1154 3376 altera
1183 3340 1314 3385 parta
1343 3332 1550 3385 phaselo,

535 3424 709 3469 mulcet
738 3423 819 3469 ubi
852 3424 1033 3477 Elysias
1064 3440 1177 3470 aura
1206 3425 1341 3471 beata
1370 3441 1498 3471 rosas
