2566 3886
311 1919 380 1964 16.

307 2107 379 2152 23.

1124 267 1362 313 -46-

449 399 711 444 arbores
743 407 910 443 satas
941 399 1065 444 alte
1098 399 1347 445 vertice
1380 399 1408 444 i.
1432 414 1472 444 e.
1503 400 1830 445 cacumine
1860 401 2164 445 intendat.

450 493 805 539 Kiihleweinius
837 491 908 551 (p.
941 491 995 551 2)
1027 494 1246 547 proponit
1264 509 1275 538 z

599 604 630 633 u
645 597 792 641 tque
834 603 906 633 ne
921 604 1013 634 mu
1028 603 1049 633 s
1089 597 1297 633 tantas
1337 588 1547 634 intendat
1575 589 1752 634 vertice
1781 589 1935 642 silvas,

447 685 531 729 sed
563 698 584 728 s
596 699 623 728 a
635 693 653 728 t
666 698 731 728 ae
762 683 884 728 silv
895 698 923 728 a
935 698 962 728 e
1000 698 1060 728 ex
1091 684 1358 736 corruptela
1382 692 1536 728 ortum
1566 699 1668 729 esse
1685 699 1943 736 numquam
1960 685 2165 729 credam.

448 778 771 823 Rothsteinius
803 793 995 823 versum
1028 778 1094 823 sic
1126 778 1334 832 refingit:

598 883 644 918 et
676 888 844 918 nemus
875 888 1017 918 omne
1049 882 1167 918 satas
1200 882 1250 918 ut
1281 875 1441 919 tendat
1472 874 1650 919 vertice
1682 874 1835 925 silvas,

446 970 575 1022 quod
606 969 852 1014 Vahlenus
882 969 1074 1021 recepit.

449 1063 579 1108 Huic
598 1063 836 1115 speciosae
860 1063 1158 1108 coniecturae
1174 1064 1326 1108 obstat
1342 1073 1498 1108 tamen
1515 1079 1679 1116 unum,
1696 1064 1825 1116 quod
1842 1063 2166 1116 gravissimum

445 1167 515 1203 est
546 1174 577 1203 v
592 1173 618 1203 e
633 1174 656 1202 r
669 1167 686 1202 t
700 1158 715 1202 i
728 1173 754 1202 c
769 1173 796 1203 e
832 1157 908 1202 hic
941 1159 1151 1203 dativum
1183 1173 1300 1203 esse.
1334 1158 1451 1203 Loci
1483 1158 1624 1210 enim,
1656 1173 1776 1211 quos
1808 1159 1915 1203 citat
1946 1159 2005 1203 ad
2037 1160 2164 1204 hunc

447 1253 737 1298 rarissimum
770 1268 907 1298 usum
940 1254 1309 1306 defendendum,
1342 1253 1457 1298 nihil
1490 1254 1661 1298 valent.

447 1348 531 1392 IV.
567 1348 605 1392 l.
642 1347 751 1392 125:
785 1348 1146 1401 scandentisque
1177 1348 1305 1393 Asisi
1337 1349 1572 1402 consurgit
1604 1364 1635 1393 v
1649 1364 1676 1393 e
1690 1364 1714 1393 r
1726 1357 1743 1393 t
1757 1349 1771 1393 i
1785 1363 1810 1393 c
1824 1364 1851 1393 e
1884 1363 2061 1400 murus,

444 1444 526 1489 ubi
558 1444 834 1490 vertice:
874 1443 933 1488 in
974 1452 1182 1488 monte

445 1539 531 1583 IV.
570 1538 611 1584 8.
653 1538 708 1584 10
745 1554 855 1583 cum
892 1547 1071 1583 temere
1109 1538 1311 1591 anguino
1349 1540 1557 1584 creditur
1594 1554 1624 1584 o
1637 1555 1661 1583 r
1673 1554 1700 1584 e
1738 1554 1919 1592 manus,

444 1633 525 1678 ubi
557 1648 643 1685 pro
675 1633 965 1678 creditur
1005 1648 1114 1678 cum
1147 1632 1485 1678 Cornelisseno
1522 1634 1771 1679 raditur
1807 1635 2073 1687 legendum.

442 1729 499 1772 cf.
533 1727 780 1781 Biicheler,
814 1728 915 1773 Lat.
949 1728 1141 1773 Deklin.
1173 1727 1244 1773 56.

443 1918 756 1971 Praemia;
797 1918 1101 1964 Fonteinius:
1139 1919 1414 1971 praedia,
1452 1928 1498 1964 at
1528 1919 1584 1964 cf.
1618 1919 1800 1964 Rothst.

442 2123 537 2153 non
570 2109 663 2153 ulla
694 2109 900 2154 verebor
930 2134 987 2140 —
1020 2118 1176 2163 regna.

441 2203 661 2248 Fortasse
678 2219 787 2249 cum
803 2204 1090 2249 Marklando
1105 2219 1191 2257 pro
1218 2220 1249 2249 u
1265 2205 1279 2249 l
1296 2205 1310 2248 l
1325 2219 1351 2248 a
1366 2219 1377 2248 :
1405 2203 1445 2248 L
1459 2220 1490 2256 y
1504 2205 1535 2249 d
1549 2219 1576 2249 a
1602 2205 1867 2257 legendum,
1885 2219 1945 2249 ne
1971 2220 1995 2249 r
2008 2219 2035 2249 e
2048 2213 2076 2258 g
2088 2220 2120 2249 n
2133 2219 2161 2249 a

441 2313 527 2343 suo
559 2299 766 2351 epitheto
798 2308 965 2344 careat.

440 2393 488 2437 V
497 2393 544 2438 el
563 2393 610 2437 in
626 2393 761 2438 brevi
774 2409 930 2447 versu,
939 2409 1025 2447 pro
1039 2409 1135 2447 quo
1143 2394 1245 2439 Itali
1261 2409 1292 2438 n
1301 2409 1327 2438 e
1336 2409 1375 2445 c,
1390 2394 1444 2438 L.
1454 2393 1717 2438 Muellerus
1728 2394 1933 2446 (praefat.
1942 2408 1987 2446 p.
1995 2393 2159 2445 XXII)

440 2498 531 2533 aut
554 2488 674 2541 legit,
693 2497 820 2533 recte
836 2497 993 2534 tuetur
1009 2488 1182 2534 Tibull.
1198 2489 1234 2541 Ι,
1248 2488 1290 2534 9.
1306 2487 1377 2540 59,
1385 2488 1444 2533 cf.
1459 2488 1804 2533 Rothsteinium
1827 2497 1874 2533 et
1886 2488 2156 2533 Vahlenum

439 2581 614 2640 (SPrA
634 2581 762 2635 1881,
779 2598 824 2635 p.
842 2581 969 2640 337).

1032 2920 1288 2967 ELEGIA
1318 2920 1431 2965 XV.

309 3063 376 3108 15.
397 3063 465 3108 16.
483 3063 666 3108 Versus
686 3063 741 3108 15
759 3072 805 3108 et
826 3062 880 3108 16
911 3072 1015 3116 post
1046 3078 1238 3108 versum
1269 3061 1327 3107 20
1359 3062 1641 3114 transposuit
1662 3061 1989 3114 Marklandus,
2011 3078 2152 3115 quem

437 3159 535 3203 fere
567 3173 733 3203 omnes
764 3158 911 3203 secuti
941 3166 1062 3203 sunt.
1086 3157 1419 3202 Lachmannus
1442 3166 1488 3201 et
1510 3156 1753 3202 Palmerus
1773 3173 1935 3203 versus
1958 3157 2012 3203 15
2032 3167 2078 3203 et
2099 3157 2154 3203 16

438 3262 542 3306 post
572 3252 630 3297 22
662 3253 774 3305 poni
806 3254 1085 3298 maluerunt.
1118 3251 1211 3297 Sed
1243 3260 1370 3297 recte
1403 3251 1517 3296 Otto
1548 3249 1669 3309 (Die
1685 3252 2152 3306 Versumstellungen

438 3347 515 3392 bei
562 3347 786 3400 Properz‚
830 3348 866 3399 Ι,
912 3346 1025 3393 1884
1067 3362 1111 3400 p.
1151 3345 1204 3405 5)
1250 3347 1519 3392 observavit
1565 3347 1738 3391 ultimis
1784 3347 1943 3392 verbis
1989 3361 2153 3392 versus

437 3442 649 3487 vicesimi
672 3442 866 3487 secundi
889 3442 1162 3496 Argivae
1187 3443 1344 3487 fama
1366 3441 1984 3494 pudicitiaetransitum
2001 3441 2151 3494 parari
