2566 3886
365 1141 431 1186 10.

360 1618 428 1663 ll.

347 3140 417 3185 22.

1162 248 1428 294 —144—

501 379 757 423 Burmanni
790 380 848 424 ad
881 388 1092 424 nostrum
1125 395 1316 425 versum
1348 380 1737 439 annotationem).
1776 381 1823 427 Si
1846 398 1959 428 vera
1987 393 2056 428 est
2078 384 2215 429 lectio

500 473 719 525 Aldinae,
751 475 1066 520 conferendus
1098 484 1167 520 est
1200 475 1285 520 IV.
1322 476 1361 527 l,
1377 476 1418 528 4,
1451 476 1531 521 ubi

652 569 861 614 Euandri
894 570 1118 624 profugae
1150 585 1176 615 c
1190 585 1219 615 o
1233 586 1264 615 n
1278 585 1304 615 c
1319 586 1349 615 u
1364 570 1395 615 b
1409 587 1439 615 u
1454 586 1481 616 e
1495 587 1519 615 r
1532 586 1559 616 e
1591 571 1739 617 boves

499 665 545 710 in
578 681 609 719 p
622 681 646 709 r
658 680 688 710 o
703 681 728 710 c
743 681 774 710 u
788 665 818 710 b
834 681 864 710 u
879 680 906 710 e
920 681 944 709 r
956 680 983 710 e
1016 667 1293 711 mutandum
1326 681 1429 711 esse
1461 666 1661 712 videtur.

497 855 543 907 Q
558 871 589 901 u
603 870 632 900 o
664 871 690 900 c
703 870 730 900 a
743 871 789 900 m
805 870 835 908 p
849 870 878 900 o
910 870 970 900 ne
1002 864 1270 908 suspectum
1304 855 1520 901 videatur
1551 856 1642 901 cito
1675 855 1779 901 Cat.
1797 856 1869 910 55,
1886 857 1938 902 3:
1955 867 2001 903 te
2022 874 2214 912 campo

496 950 816 1003 quaesivimus
848 951 1112 1003 minore;
1147 950 1317 996 Festus
1348 966 1392 1003 p.
1428 950 1535 996 131:
1569 966 1823 1005 campus
1872 953 2212 1000 Martialis.

496 1141 590 1186 Pro
636 1157 701 1186 ca
718 1150 855 1194 ptus
902 1141 1030 1195 quod
1062 1141 1122 1186 ab
1155 1141 1420 1186 Hartmano
1452 1150 1724 1194 corruptum
1758 1143 1956 1188 habetur
1984 1144 2212 1190 coniciam

494 1247 679 1282 cautu
694 1253 728 1282 s.
750 1235 790 1295 1)
841 1236 1159 1282 Commendat
1220 1237 1553 1288 coniecturam,
1615 1237 1662 1282 ni
1723 1238 1871 1290 fallor,
1933 1239 2211 1285 adverbium

494 1348 693 1385 saepe.
724 1333 901 1377 Iterum
934 1333 1200 1385 iterumque
1232 1332 1358 1377 enim
1392 1332 1557 1377 metuit
1587 1341 1779 1384 amator,
1797 1348 1857 1378 ne
1880 1334 2212 1388 deprendatur,

493 1438 539 1473 et
570 1429 735 1473 auxius
767 1428 814 1472 in
847 1442 1001 1472 casam
1034 1428 1270 1481 quandam
1303 1443 1354 1472 se
1385 1427 1526 1472 abdit.

492 1619 649 1670 Quam
682 1633 789 1663 care
820 1618 966 1663 semel
998 1617 1045 1662 in
1077 1625 1174 1662 toto
1206 1632 1300 1662 nox
1331 1618 1529 1662 vertitur
1559 1617 1711 1662 anno!

490 1713 605 1759 Non
651 1715 817 1767 loquar
862 1714 923 1758 de
969 1712 1189 1758 omnibus
1236 1712 1388 1757 modis
1433 1712 1606 1765 quibus
1641 1713 1730 1758 viri
1762 1714 1887 1758 docti
1931 1715 2211 1760 vertitur

478 1809 857 1862 explicaverunt,
919 1823 1076 1861 neque
1137 1808 1198 1852 de
1247 1807 1467 1852 omnibus
1513 1807 1883 1853 correctionibus
1945 1809 2207 1862 propositis.

488 1904 670 1949 Moneo
730 1913 887 1949 tamen
950 1904 1150 1949 verbum
1213 1903 1430 1947 vertendi
1482 1903 1558 1947 hic
1610 1917 1802 1955 prorsus
1827 1888 1832 1893 .
1854 1919 1964 1956 non,
2011 1912 2062 1949 ut
2107 1905 2208 1950 vult

488 1999 824 2051 Rothsteinius,
842 1999 992 2044 verbo
1008 2014 1040 2044 v
1048 2014 1075 2044 e
1083 2014 1114 2043 n
1123 2000 1154 2043 d
1162 2013 1189 2043 e
1199 2014 1229 2042 n
1238 1998 1293 2043 di
1309 2006 1388 2042 aut
1404 2012 1451 2042 m
1460 2013 1490 2042 u
1499 2006 1516 2042 t
1524 2013 1551 2042 a
1558 2013 1589 2042 n
1599 1998 1652 2042 di
1669 2013 1771 2043 esse
1788 1998 2205 2051 interpretandum.

487 2095 615 2140 Nam
648 2095 854 2148 primum
886 2094 1001 2138 nihil
1032 2093 1191 2138 auxilii
1222 2102 1292 2137 est
1323 2093 1371 2138 in
1406 2093 1593 2137 Horatii
1625 2107 1768 2137 versu
1800 2093 1896 2138 Ars
1929 2093 2060 2138 Poet.
2092 2093 2204 2138 226:

487 2198 702 2243 „vertere
748 2189 869 2235 seria
898 2190 1055 2241 ludo”‚
1087 2189 1260 2234 deinde
1291 2188 1532 2233 vendendi
1563 2188 1764 2233 verbum
1796 2203 1891 2232 non
1929 2190 2126 2241 quadrat
2157 2190 2204 2234 in

486 2294 697 2330 nostrum
730 2286 900 2337 locum,
932 2299 1088 2338 neque
1120 2283 1246 2328 enim
1271 2284 1331 2328 de
1363 2283 1688 2327 meretricibus
1705 2297 1860 2327 sermo
1877 2291 1959 2328 est.
1976 2284 2202 2338 Alioquin

486 2380 796 2432 venditur,
858 2395 980 2432 quae
1032 2380 1302 2424 coniectura
1346 2387 1416 2423 est
1463 2378 1812 2423 Hemsterhusii
1859 2388 2021 2424 contra
2066 2395 2202 2425 usum

484 2474 667 2527 linguae
689 2474 883 2519 Latinae
914 2489 1115 2526 peccans
1133 2472 1174 2531 εὶ)
1205 2474 1338 2519 facile
1369 2473 1536 2526 corrigi
1568 2482 1725 2525 posset
1755 2473 1802 2517 in
1834 2474 1960 2518 hunc
1992 2475 2201 2520 modum:

488 2584 658 2622 „quam
709 2584 817 2614 care
864 2570 1010 2614 semel
1056 2570 1150 2613 heu
1197 2577 1293 2613 toto
1339 2583 1435 2613 nox
1480 2568 1609 2612 venit
1639 2568 1687 2612 in
1719 2567 1896 2613 anno''!
1928 2569 2057 2622 quod
2088 2570 2204 2614 mihi

482 2665 735 2717 aliquando
766 2664 991 2717 placebat.
1038 2664 1339 2709 Vertitur
1384 2672 1540 2709 autem
1573 2663 1748 2716 optime
1765 2664 2023 2717 explicatur
2040 2664 2199 2718 Paleyi

482 2759 667 2804 verbis:
712 2768 786 2811 „at
816 2760 926 2804 how
958 2759 1067 2812 high
1099 2774 1126 2803 a
1155 2759 1285 2811 price
1316 2773 1343 2803 a
1374 2758 1519 2811 single
1550 2758 1679 2811 night
1710 2758 1757 2802 in
1790 2759 1869 2803 the
1900 2759 2056 2804 whole
2087 2774 2201 2812 year

482 2869 642 2899 comes
687 2855 841 2899 round
889 2863 935 2899 to
981 2869 1102 2907 your
1146 2855 1298 2899 turn’'.
1340 2853 1582 2907 Exquisite
1619 2854 1795 2899 dictum
1833 2869 1935 2913 esse
1973 2854 2197 2907 concede,

482 2965 577 2995 non
610 2958 765 2995 tamen
797 2949 978 2995 vitiose.

480 3148 525 3184 et
568 3154 684 3193 quas
716 3139 979 3192 Euphrates
1010 3148 1056 3184 et
1086 3153 1203 3192 quas
1234 3138 1348 3183 mihi
1380 3138 1503 3183 misit
1534 3137 1755 3190 Orontes,

632 3250 709 3280 me
742 3235 947 3280 iuverint
977 3249 1075 3287 eqs.

396 3388 427 3433 ¹)
478 3391 722 3426 Germanice:
757 3402 846 3425 aue
872 3391 1145 3425 Vorsicht.

393 3448 426 3493 ¹)
477 3451 591 3485 miror
617 3462 698 3485 enm
727 3450 952 3484 Baehrenaio
979 3449 1125 3491 dignam
1150 3449 1269 3484 vinam
1296 3460 1389 3489 ease,
1415 3459 1507 3489 quae
1533 3449 1571 3482 in
1597 3455 1699 3482 textu
1725 3455 1934 3488 poneretur.
