2566 3886
1226 304 1280 310 ——
1319 276 1492 325 100-

567 408 693 454 Nam
727 410 832 455 licet
848 409 1093 455 Vahlenus
1125 418 1171 455 et
1203 410 1524 455 Rothsteinius
1556 419 1659 463 post
1685 426 1753 455 vs.
1786 410 1844 457 40
1866 412 2039 457 nullam
2063 413 2277 458 lacunam

565 514 777 558 statuant,
817 505 1075 559 Postgatius
1114 514 1269 550 tamen
1308 505 1484 550 41-48
1523 521 1617 550 non
1653 521 1737 551 suo
1769 507 1873 551 loco
1905 522 2006 552 esse
2038 509 2278 554 contendit

562 609 817 653 praeeunte
835 601 1090 646 Wakkero.
1123 600 1203 645 Ad
1236 616 1427 646 versum
1459 600 1512 645 41
1539 610 1724 646 nostrae
1749 601 1922 655 elegiae
1946 602 2277 648 Lachmannus

561 697 677 740 haec
701 705 915 741 annotat:
939 696 1106 749 „Haec
1144 697 1336 751 quidem
1375 712 1483 742 cum
1516 697 1835 750 superioribus
1867 712 1962 742 non
1995 712 2106 743 sane
2137 698 2276 744 nimis

561 791 683 836 bene
722 795 907 837 coeunt.
948 792 1047 837 Illic
1086 793 1211 838 enim
1245 794 1462 847 desperat
1492 801 1684 845 amator,
1716 793 1898 846 puellae
1929 793 2105 838 infideli
2137 793 2274 847 cedit,

560 886 824 940 Cupidines
863 903 913 933 se
952 889 1170 934 omnibus
1205 888 1394 941 spiculis
1425 888 1500 940 ita,
1533 897 1583 933 ut
1614 902 1805 940 prorsus
1837 896 2010 940 pereat,
2043 887 2275 942 configere

556 982 710 1028 iubet:
744 999 870 1028 nunc
902 993 1096 1036 repente
1129 985 1280 1029 solum
1310 999 1363 1029 ac
1381 984 1526 1029 viduo
1544 992 1646 1029 toro
1662 984 1898 1029 victurum
1915 999 2018 1029 sese
2034 983 2272 1037 promittit.

558 1078 783 1124 Putamus
826 1079 963 1133 igitur
1006 1089 1051 1124 et
1094 1080 1209 1124 haec
1252 1094 1442 1133 quoque
1485 1080 1543 1124 ad
1588 1078 1713 1124 aliud
1736 1093 1927 1124 carmen
1951 1078 2273 1131 pertinuisse'’.

556 1173 649 1219 Cui
683 1175 748 1219 sic
781 1174 1033 1228 disputanti
1066 1190 1257 1227 prorsus
1289 1174 1536 1219 assentitur
1570 1173 1926 1228 Hertzbergius.

554 1268 646 1314 Sed
664 1270 755 1315 iam
773 1270 988 1324 Voigtius
1004 1269 1108 1329 (De
1126 1271 1197 1315 IV
1215 1270 1355 1324 Prop.
1373 1271 1493 1316 libro
1514 1270 1622 1315 diss.
1640 1270 1872 1324 Helsingf.
1898 1269 2012 1315 1872
2029 1287 2073 1325 p.
2091 1270 2118 1316 5
2143 1269 2272 1329 sqq.)

552 1364 674 1410 bene
728 1366 942 1419 explicat,
1000 1368 1240 1420 quomodo
1289 1381 1453 1411 versus
1499 1365 1680 1411 41—48
1726 1381 1834 1410 cum
1881 1366 2270 1419 praecedentibus

550 1462 856 1506 cohaereant:
891 1478 1029 1514 „cum
1062 1463 1121 1507 ad
1164 1478 1294 1507 suam
1328 1462 1634 1507 calamitatem
1667 1461 1918 1506 revertitur
1947 1459 2192 1520 (37—40),
2224 1470 2270 1506 et

547 1557 718 1602 cedere
751 1558 963 1603 fortunae
996 1557 1232 1603 constituit
1264 1566 1310 1602 et
1341 1557 1389 1602 in
1419 1557 1586 1602 iustam
1610 1556 1986 1609 desperationem
2011 1557 2268 1602 descendit.

548 1651 640 1697 Sed
684 1653 731 1697 in
774 1654 861 1698 hac
903 1653 1230 1706 desperatione
1273 1662 1511 1706 tamquam
1556 1668 1639 1697 sua
1685 1668 1735 1697 se
1776 1652 1948 1697 virtute
1979 1651 2191 1704 involvit,
2223 1660 2269 1697 et

548 1764 644 1794 non
689 1749 789 1794 sine
832 1749 949 1794 tristi
993 1751 1195 1803 quadam
1235 1750 1473 1801 voluptate
1505 1749 1553 1792 in
1585 1763 1668 1793 sua
1699 1748 1791 1792 fide
1823 1763 1964 1801 quam
1997 1756 2043 1792 et
2073 1747 2270 1793 servarit

548 1853 594 1889 et
625 1845 682 1889 sit
713 1854 982 1890 servaturus
1001 1845 1363 1898 contemplanda
1379 1853 1593 1890 versatur
1610 1841 1839 1902 (45—46)
1854 1858 1865 1896 ;
1883 1858 1976 1897 qua
1991 1842 2267 1897 cogitatione

545 1941 645 1994 ipse
691 1956 741 1986 se
788 1940 1125 1994 aliquantulum
1170 1942 1434 1986 consolatus
1482 1940 1670 1986 ultionis
1715 1939 1934 1985 acerbam
1977 1939 2265 1991 voluptatem

546 2036 703 2081 animo
735 2037 973 2089 praecipit,
1005 2052 1115 2081 cum
1147 2037 1277 2090 prius
1309 2036 1600 2090 tranquillior
1631 2037 1816 2081 aemulo
1848 2035 2048 2080 subitam
2065 2043 2265 2080 mortem

545 2140 685 2183 optat,
727 2131 901 2176 deinde
945 2131 1122 2176 maiore
1163 2131 1273 2176 odio
1305 2131 1524 2176 incensus
1555 2130 1655 2175 eius
1688 2138 1887 2175 mortem
1919 2145 2003 2175 sua
2033 2145 2083 2175 se
2114 2138 2265 2175 morte
2325 2125 2331 2131 ’

544 2226 745 2271 libenter
775 2226 1131 2278 redempturum
1164 2227 1368 2271 declarat
1397 2224 1672 2284 (47—52)”.

546 2320 739 2374 Optime
785 2321 956 2366 Birtius
1000 2336 1189 2375 quoque
1234 2318 1474 2379 (RhMPh
1513 2320 1584 2373 38,
1632 2336 1675 2374 p.
1722 2319 1836 2379 203)
1875 2322 2014 2367 huius
2045 2321 2264 2367 carminis

544 2417 851 2471 integritatem
885 2416 1107 2468 defendit,
1140 2431 1198 2461 ex
1230 2417 1362 2461 cuius
1395 2416 1706 2468 disputatione
1737 2431 1885 2468 pauca
1914 2425 2094 2462 tantum
2120 2417 2264 2462 modo

543 2512 806 2564 proferam:
849 2511 1052 2556 Erstlich
1089 2511 1211 2556 zwei
1250 2511 1521 2556 Distichen:
1555 2527 1681 2563 „nun
1714 2511 1840 2564 aber,
1873 2512 1934 2556 da
1964 2512 2073 2556 dem
2105 2526 2158 2557 so
2190 2512 2261 2564 ist,

543 2607 637 2652 will
682 2608 757 2652 ich
801 2607 1004 2659 sterben,
1049 2607 1143 2651 will
1187 2606 1263 2651 ich
1304 2607 1430 2652 mich
1468 2607 1715 2652 verbluten
1747 2622 1806 2652 an
1839 2607 1932 2652 den
1964 2606 2145 2652 Pfeilen
2178 2607 2262 2652 des

544 2703 741 2747 Amor'’.
760 2702 958 2747 Danach
975 2712 1092 2748 setzt
1124 2702 1200 2747 die
1231 2702 1400 2746 zweite
1417 2701 1616 2755 Strophe
1632 2702 1979 2747 wunderschdn
1996 2701 2087 2746 ein.
2105 2699 2260 2746 Schon

542 2799 792 2852 gleichsam
824 2798 888 2842 im
921 2797 1027 2842 Tod
1059 2797 1202 2843 selbst
1232 2797 1385 2842 bricht
1407 2798 1506 2842 sich
1524 2798 1647 2843 noch
1664 2797 1835 2842 einmal
1852 2797 1934 2842 das
1950 2796 2260 2842 Gestiindniss

541 2893 627 2938 der
660 2892 808 2938 Liebe
840 2894 1015 2937 durch:
1050 2891 1141 2945 „So
1172 2894 1305 2938 wahr
1336 2908 1424 2938 uns
1456 2893 1533 2937 die
1565 2891 1729 2938 Sterne
1749 2892 2038 2937 beisammen
2055 2891 2257 2944 geschen

541 2989 639 3033 und
686 2988 772 3033 der
818 2987 1063 3033 Friihthau
1106 2989 1204 3052 und
1249 2989 1326 3034 die
1367 2988 1589 3033 heimlich
1632 2988 1909 3042 ausgethane
1952 2986 2138 3031 Pforte:
2182 2985 2258 3030 ich

541 3083 663 3128 liebe
694 3083 804 3128 dich
836 3084 984 3135 noch;
1017 3083 1093 3128 ich
1125 3084 1286 3128 werde
1318 3083 1402 3128 mit
1432 3083 1598 3129 keiner
1629 3092 1756 3128 sonst
1773 3084 1855 3128 das
1873 3082 2024 3135 Lager
2039 3081 2257 3127 theilen.”

541 3179 640 3223 Des
679 3178 1064 3224 Liebesschwurs
1103 3178 1347 3224 Kehrseite
1385 3179 1442 3225 ist
1479 3180 1659 3224 sodann
1691 3178 1805 3223 aber
1835 3178 1922 3222 der
1954 3176 2080 3222 Hass
2111 3185 2255 3230 gegen

542 3275 634 3319 den
667 3273 1000 3319 Widersacher
1031 3283 1118 3319 etc.

541 3368 792 3413 Praeterea
810 3369 1052 3414 utilissima
1071 3378 1140 3415 est
1155 3369 1422 3415 observatio
1438 3367 1788 3414 Fleischmanni
1804 3365 2024 3424 (Quaest.
2042 3365 2254 3418 Propert.

542 3463 563 3507 1
599 3462 727 3516 1895,
759 3479 803 3516 p.
835 3462 943 3521 22):
975 3473 1161 3516 poetam
1193 3464 1417 3510 invidiam
1451 3479 1582 3510 suam
1614 3472 1660 3509 et
1690 3463 1807 3508 iram
1838 3462 1887 3507 in
1918 3462 2155 3508 aemulum
2168 3474 2255 3513 per
