2566 3886
1150 246 1421 292 -356-

358 376 428 421 39.
490 386 536 422 et
569 377 746 422 Persen
778 377 942 430 proavi
974 377 1270 423 simulantem
1302 388 1465 432 pectus
1497 379 1673 424 Achilli

610 473 787 525 quique
808 469 848 529 ¹)
879 481 981 517 tuas
1012 487 1217 524 proavus
1248 474 1394 527 fregit,
1426 474 1639 526 Averne,
1672 475 1852 519 domos.

491 566 643 612 Cuius
688 566 993 619 coniecturas,
1039 582 1325 621 quamquam
1373 568 1632 622 Postgatius
1681 569 1793 614 olim
1840 566 2020 627 (Select
2053 570 2124 615 El.
2158 586 2204 624 p.

488 659 602 720 236)
634 662 773 707 nimis
804 663 1005 707 audaces
1038 663 1323 716 nominabat,
1354 673 1511 709 tamen
1543 665 1591 709 in
1623 661 1832 710 editione
1867 664 1981 711 1894
2013 666 2205 719 recepit.

489 757 697 801 Versum
730 755 788 801 39
819 765 975 801 tamen
1008 757 1074 802 sic
1091 758 1275 802 scribit:
1297 767 1372 810 „et
1385 758 1563 803 Persen
1580 774 1758 812 proavo
1777 757 1820 818 ⁹)
1832 760 2147 806 stimulantem
2165 759 2209 820 ⁸)

487 860 651 905 pectus
687 851 877 896 Achille
896 849 993 909 ²)'’;
1048 853 1198 897 credit
1236 853 1363 897 enim
1411 852 1574 898 Silium
1623 854 1835 900 Italicum
1882 856 2009 901 hunc
2052 857 2208 902 locum

491 947 676 1000 saepius
708 947 936 991 imitatum
970 962 1101 992 esse:

493 1040 570 1086 Sil.
601 1042 655 1086 It.
682 1042 818 1094 XIV,
848 1041 933 1087 93:
1382 1077 1393 1088 .
1412 1077 1423 1088 .
1442 1077 1453 1088 .
1470 1053 1564 1089 tam
1581 1046 1826 1099 praecipiti
1842 1055 2053 1092 materna
2067 1047 2213 1093 furori

831 1137 1044 1189 Pyrrhus
1061 1138 1190 1191 origo
1211 1139 1351 1183 dabat
1381 1139 1648 1193 stimulos,
1680 1141 1940 1195 proavique
1956 1142 2213 1195 superbum

838 1232 1078 1278 Aeacidae
1110 1242 1270 1287 genus,
1302 1244 1442 1289 atque
1473 1243 1690 1280 aeternus
1721 1236 1930 1281 carmine
1960 1236 2173 1282 Achilles

710 1421 822 1474 XV,
855 1422 956 1467 291.
988 1423 1065 1467 hic
1093 1432 1230 1476 gente
1246 1424 1457 1477 egregius
1490 1425 1756 1478 veterisque
1787 1425 1845 1470 ab
1877 1426 2055 1479 origine
2085 1427 2216 1480 regni

997 1518 1263 1563 Aeacidum
1297 1519 1491 1572 sceptris
1514 1535 1787 1574 proavoque
1803 1520 2012 1566 tumebat
2027 1521 2216 1567 Achille

495 1611 620 1656 Mihi
666 1620 822 1657 tamen
870 1628 891 1657 s
907 1613 1018 1657 tim
1036 1614 1141 1658 ula
1160 1621 1268 1658 nte
1286 1629 1333 1657 m
1376 1614 1489 1659 vitio
1535 1614 1699 1659 deberi
1737 1615 1938 1668 videtur,
1981 1616 2205 1669 quoniam

495 1716 594 1752 tum
626 1707 819 1752 demum
851 1723 1058 1760 versum,
1097 1708 1246 1760 qualis
1278 1709 1475 1754 traditus
1506 1718 1588 1762 est,
1620 1718 1807 1755 vertere
1823 1726 2086 1764 possumus,
2103 1726 2212 1756 cum

497 1802 644 1855 Lipsii
676 1803 995 1847 coniecturam
1026 1819 1057 1856 p
1074 1819 1099 1847 r
1117 1819 1147 1848 o
1166 1819 1365 1848 avo...
1398 1804 1649 1849 Achille
1680 1806 2030 1859 assumpsimus.
2057 1806 2214 1858 Quam

495 1898 558 1943 ob
604 1913 791 1943 causam
824 1898 1047 1943 Italorum
1080 1899 1398 1944 coniecturam
1437 1900 1490 1945 si
1508 1916 1555 1944 m
1571 1901 1678 1945 ula
1695 1917 1725 1945 n
1740 1910 1758 1945 t
1773 1917 1800 1946 e
1815 1916 1862 1945 m
1893 1901 2213 1955 recipiendam

496 2008 599 2038 esse
645 2009 832 2046 censeo,
879 1994 963 2038 sed
1008 1994 1202 2039 omnino
1250 1995 1505 2039 Munronis
1555 2004 1602 2040 et
1647 1995 1866 2049 Postgatii
1898 1997 1958 2040 de
1989 1996 2216 2042 hocloco

498 2088 658 2141 opinio
675 2088 789 2133 mihi
806 2104 902 2133 non
919 2089 1174 2141 probabilis
1191 2090 1392 2142 videtur,
1410 2105 1519 2135 cum
1537 2091 1575 2135 si
1592 2105 1673 2135 eos
1689 2090 1933 2143 sequimur
1947 2091 2219 2144 gravissima

498 2185 697 2229 vulnera
756 2184 834 2228 hic
894 2184 1090 2229 haerere
1153 2185 1414 2237 putandum
1479 2185 1562 2229 sit:
1610 2186 1776 2230 lacuna
1821 2186 1948 2230 enim
1995 2194 2219 2232 statuatur

499 2294 692 2324 necesse
739 2288 822 2331 est,
866 2294 954 2324 nec
986 2295 1082 2324 non
1114 2295 1280 2325 versus
1311 2279 1369 2325 40
1400 2280 1635 2325 medicina
1665 2280 1852 2334 indiget.
1886 2280 2031 2332 Quod
2062 2289 2218 2326 autem

500 2374 770 2419 coniectura
830 2374 879 2419 A
894 2390 926 2419 v
943 2390 969 2418 e
985 2390 1010 2418 r
1025 2390 1056 2418 n
1074 2389 1101 2419 e
1162 2383 1351 2426 recepta
1407 2375 1467 2419 de
1527 2374 1754 2427 Hercule,
1800 2384 1996 2428 paterno
2041 2390 2220 2429 proavo

503 2469 817 2513 Macedoniae
848 2478 1026 2522 regum,
1057 2469 1270 2522 cogitant,
1303 2469 1417 2513 mihi
1449 2484 1640 2521 prorsus
1668 2485 1764 2515 non
1780 2470 1931 2523 placet
1947 2469 2219 2515 Corneliam

505 2563 767 2608 Herculem
799 2564 1021 2608 invocare
1051 2573 1243 2616 testem;
1275 2564 1389 2617 quid
1421 2564 1547 2608 enim
1575 2563 1827 2610 Corneliae
1843 2579 1952 2609 cum
1971 2562 2222 2609 Hercule?

505 2658 680 2711 Neque
753 2658 890 2711 igitur
949 2659 1015 2702 sic
1077 2659 1276 2703 multum
1336 2658 1620 2711 proficimus.
1680 2658 1857 2703 Melius
1915 2666 2041 2703 certe
2092 2658 2221 2712 quod

506 2754 819 2799 Baehrensius
851 2768 959 2798 cum
993 2753 1188 2806 Heynio
1220 2753 1391 2798 edidit:

626 2848 707 2903 qui
740 2848 918 2893 Persen
950 2848 1114 2901 proavi
1146 2848 1443 2893 simulantem
1475 2856 1638 2902 pectus
1669 2847 1845 2893 Achilli

746 2952 791 2987 et
836 2943 1038 2988 tumidas
1070 2958 1248 2995 proavo
1279 2943 1414 2996 fregit
1445 2942 1631 2988 Achille
1663 2943 1856 2995 domos;

509 3055 617 3084 cum
649 3047 805 3083 tamen
838 3038 1106 3083 coniunctio
1138 3053 1164 3083 e
1181 3047 1198 3082 t
1243 3047 1350 3083 ante
1396 3053 1427 3091 q
1444 3037 1507 3083 ui
1554 3046 1690 3090 aegre
1721 3037 2028 3090 desideretur,
2067 3037 2224 3082 locum

510 3134 576 3179 sic
607 3135 762 3187 legere
794 3133 937 3178 velim
951 3148 962 3177 :

429 3370 460 3415 ²)
510 3373 713 3406 Herculem
739 3373 830 3407 vult.

428 3440 458 3485 ¹)
510 3455 671 3483 proavo.
688 3443 908 3477 ..Achillex
937 3444 1104 3484 Lipsiu03
1156 3439 1185 3485 ⁸)
1236 3443 1509 3477 stimulantum:
1536 3442 1584 3477 O.
