2566 3886
974 705 1204 758 LIBER
1241 702 1595 757 TERTIUS.

1118 1080 1373 1126 ELEGIA
1405 1081 1441 1125 Ι.

395 1258 435 1304 1.
497 1258 669 1304 Novus
713 1259 832 1304 liber
871 1259 1025 1312 primo
1070 1258 1221 1304 statim
1276 1273 1418 1303 versu
1450 1272 1622 1302 novam
1654 1256 1970 1302 difficultatem
2002 1257 2208 1310 praebet,

496 1369 604 1399 nam
648 1354 922 1399 iamdudum
973 1354 1307 1406 quaesiverunt
1355 1353 1445 1398 viri
1482 1354 1621 1405 docti,
1653 1354 1893 1406 quomodo
1924 1352 2208 1397 vocabulum

496 1464 650 1494 sacra
665 1450 755 1494 hoc
777 1450 882 1494 loco
897 1449 1223 1502 accipiendum
1243 1457 1378 1493 esset.
1387 1448 1708 1493 Rothsteinius
1716 1449 1872 1493 locum
1881 1447 2208 1492 difficillimum

495 1543 557 1588 ita
601 1544 954 1596 interpretatur;
1003 1542 1207 1596 „Neben
1239 1544 1333 1588 den
1366 1558 1503 1587 man
1521 1558 1600 1595 es,
1633 1544 1742 1588 dem
1774 1544 1840 1588 als
1873 1544 2039 1588 lichter
2070 1542 2206 1588 Geist

495 1639 612 1684 oder
642 1638 757 1685 Gott
769 1640 1027 1693 gedachten
1048 1638 1202 1684 Toten
1219 1639 1375 1691 selbst,
1389 1639 1584 1683 werden
1607 1639 1683 1684 die
1716 1654 1737 1683 s
1754 1654 1781 1684 a
1797 1654 1898 1684 cra
1928 1638 2199 1692 angerufen,

496 1735 582 1780 der
613 1734 796 1787 Cultus,
827 1736 921 1780 den
953 1750 1061 1780 man
1093 1736 1186 1780 den
1218 1749 1270 1779 so
1301 1734 1627 1787 vorgestellten
1660 1733 1813 1779 Toten
1837 1733 2044 1778 widmet.
2062 1734 2208 1779 Beide

497 1830 695 1884 Begriffe
717 1831 879 1875 stehen
898 1831 944 1875 in
962 1839 1169 1884 engstem
1179 1830 1631 1883 Zusammenhange,
1655 1830 1753 1874 und
1770 1844 1821 1874 es
1837 1829 1894 1874 ist
1912 1828 1989 1873 die
2008 1828 2209 1874 Absicht

497 1926 580 1970 des
612 1925 845 1977 Dichters,
878 1926 983 1970 dass
1013 1925 1081 1970 sie
1112 1925 1251 1970 beide
1282 1940 1344 1969 zu
1376 1924 1547 1969 beiden
1580 1924 1771 1969 Namen
1788 1933 1995 1978 gezogen
2012 1926 2207 1969 werden

494 2021 740 2065 sollen....
793 2019 1000 2065 Obwobl
1049 2019 1126 2064 die
1176 2034 1393 2064 manes
1446 2020 1544 2064 und
1598 2020 1675 2064 die
1722 2034 1906 2064 sacra
1950 2020 2204 2073 angerufen

495 2115 704 2167 werden,
751 2115 808 2159 ist
851 2115 927 2159 bei
959 2115 1056 2159 sin
1074 2115 1123 2159 it
1139 2130 1166 2159 e
1212 2115 1335 2159 doch
1383 2114 1702 2160 Callimachus
1748 2115 1846 2159 und
1895 2115 2098 2160 Philetas
2141 2116 2208 2160 als

492 2209 683 2262 Subiect
712 2209 929 2263 gemeint.
963 2210 1151 2255 Deinde
1182 2219 1287 2263 apte
1319 2210 1528 2255 confert:
1562 2210 1648 2255 lv.
1681 2210 1722 2254 4.
1756 2209 1810 2254 31

612 2305 748 2358 Ignes
778 2314 1036 2350 castrorum
1068 2314 1115 2349 et
1145 2304 1306 2350 Tatiae
1340 2305 1599 2358 praetoriae
1630 2314 1813 2350 turmae

733 2408 780 2444 et
809 2400 984 2444 famosa
1014 2400 1161 2445 oculis
1192 2415 1321 2445 arma
1352 2399 1522 2445 Sabina
1553 2401 1684 2452 meis,

615 2510 644 2540 o
675 2495 851 2540 utinam
883 2495 942 2539 ad
975 2504 1156 2540 vestros
1187 2496 1376 2541 sedeam
1408 2496 1592 2548 captiva
1623 2495 1824 2548 Penatis,

733 2591 847 2635 dum
879 2590 1062 2643 captiva
1092 2591 1185 2635 mei
1216 2590 1461 2644 conspicer
1491 2606 1574 2635 ora
1603 2590 1729 2636 Tati!

499 2686 733 2740 Equidem
779 2686 923 2730 credo
954 2687 1075 2730 hanc
1106 2686 1464 2738 explicationem
1497 2685 1635 2730 unice
1666 2701 1828 2730 veram
1859 2700 1992 2738 esse;
2024 2701 2045 2730 s
2062 2701 2128 2730 ac
2145 2701 2209 2730 ra

498 2780 749 2826 Philetae
786 2780 900 2834 quid
938 2780 1025 2825 sibi
1056 2781 1216 2832 velint,
1251 2781 1417 2825 melius
1449 2781 1588 2825 etiam
1620 2780 1901 2834 intelligitur,
1932 2781 1971 2826 si
2002 2781 2207 2835 primum

498 2875 729 2920 distichon
775 2875 841 2919 sic
870 2875 972 2919 fere
1008 2875 1261 2919 vertimus:
1304 2875 1518 2920 Umbrae
1565 2875 1842 2920 Callimachi
1892 2884 1938 2920 et
1983 2875 2207 2927 Philetae,

499 2984 585 3014 vos
630 2969 711 3022 qui
758 2984 898 3021 nunc,
936 2984 1045 3013 cum
1093 2969 1264 3014 mortui
1311 2970 1434 3021 estis,
1480 2978 1531 3014 ut
1578 2970 1654 3015 dei
1697 2970 1919 3022 colimini,
1963 2970 2099 3015 sinite
2131 2985 2208 3014 me

498 3071 707 3108 vestrum
739 3063 911 3108 intrare
942 3063 1116 3107 lucum.

499 3157 811 3202 Baehrensius
867 3172 953 3211 pro
1013 3172 1034 3202 s
1051 3172 1078 3202 a
1091 3172 1154 3202 cr
1171 3173 1198 3202 a
1262 3158 1365 3202 fata
1423 3159 1668 3204 restituere
1739 3159 1941 3213 volebat,
2008 3174 2208 3212 eamque

501 3252 816 3297 coniecturam
849 3251 1098 3297 Housman
1128 3250 1320 3309 (Journ.
1351 3254 1399 3298 ol
1429 3254 1548 3298 Phil.
1579 3254 1716 3305 XVI,
1739 3251 1823 3311 31)
1839 3254 1984 3299 multa
1999 3254 2211 3299 doctrina

501 3348 758 3392 defendere
788 3355 982 3391 conatus
1012 3355 1095 3391 est.
1128 3347 1286 3398 Quem
1318 3347 1410 3392 iam
1442 3348 1501 3392 ad
1532 3363 1723 3393 versum
1755 3348 1813 3393 20
1840 3348 2019 3402 primae
2036 3348 2209 3402 elegiae

501 3442 639 3495 primi
670 3442 776 3487 libri
806 3442 1097 3495 redarguisse
1130 3457 1207 3486 me
1238 3443 1396 3486 credo.
