2566 3886
312 915 384 961 42.

312 1070 384 1115 49.

310 1225 381 1270 46.

310 2239 380 2284 51.

311 2871 383 2917 60.

1107 247 1373 295 -228-

570 378 869 433 Euripusque
900 379 1052 432 trahit,
1084 395 1273 425 cursum
1306 380 1592 425 mutantibus
1623 380 1777 433 undis,

572 473 869 520 Chalcidicas
901 490 1083 528 puppes
1113 476 1172 520 ad
1206 475 1414 529 iniquam
1447 475 1670 520 classibus
1701 476 1863 521 Aulin.

450 569 649 622 „Tracta
665 571 776 622 salo,
792 570 943 624 inquit
974 570 1287 622 Burmannus,
1316 571 1473 616 classis
1503 570 1688 616 Graeca
1710 572 1787 616 hic
1810 580 1892 624 est,
1919 587 2040 626 quae
2056 573 2166 618 dolo

447 673 638 711 attracta
678 667 737 710 ad
774 680 916 718 rupes
949 665 1165 718 Opheltis
1197 680 1344 719 prope
1377 665 1679 718 Caphareum
1711 667 2084 719 promontorium
2116 667 2164 712 in

449 759 666 813 scopulos
698 760 835 813 illisit,
867 761 995 814 quod
1028 761 1191 806 suadet
1222 761 1470 815 fregere
1501 776 1643 806 versu
1675 762 2018 814 praecedenti”.

447 916 523 961 De
555 917 645 961 hoc
677 931 819 961 versu
851 916 961 961 vide
993 925 1199 962 nostram
1231 917 1579 962 adnotationem
1611 917 1669 961 ad
1703 917 1764 969 ΙΙ,
1799 916 1868 970 16,
1903 917 1971 962 ll.

446 1071 542 1116 Pro
579 1070 741 1116 Chio
778 1086 887 1116 cum
920 1070 1141 1116 Santenio
1172 1071 1324 1116 scribe
1361 1070 1578 1124 Thyio.

444 1240 624 1278 pauper
654 1234 699 1271 at
730 1226 778 1270 in
809 1234 934 1270 terra
964 1226 1030 1270 nil
1062 1225 1143 1270 ubi
1174 1225 1287 1270 flere
1319 1234 1470 1278 potest

444 1320 778 1373 Exspectatur:
825 1321 890 1365 nil
928 1321 1009 1366 ubi
1041 1321 1154 1365 flere
1185 1329 1354 1373 posset.
1388 1321 1647 1374 Postgatius
1679 1321 1951 1366 Baehrensii
1983 1322 2164 1367 coniec-

443 1426 596 1462 turam
628 1417 902 1469 assumpsit:
935 1431 1116 1469 pauper
1146 1425 1191 1461 at
1222 1416 1269 1461 in
1302 1425 1426 1462 terra
1462 1417 1528 1461 nil
1569 1417 1699 1462 nisi
1744 1417 1948 1463 fleret
1990 1432 2163 1470 opes.

445 1513 679 1566 Equidem
699 1527 794 1557 non
813 1512 991 1564 dubito,
1009 1512 1123 1564 quin
1141 1528 1249 1557 cum
1269 1512 1441 1557 Iacobo
1457 1512 1799 1558 restituendum
1827 1513 1909 1557 sit:
1935 1527 2004 1566 pa
2016 1528 2128 1566 upe
2141 1528 2165 1557 r

440 1618 486 1653 at
517 1608 565 1653 in
597 1617 721 1653 terra
752 1608 817 1652 nil
849 1608 929 1653 ubi
961 1609 978 1652 f
993 1609 1007 1652 l
1025 1623 1091 1652 ar
1107 1623 1134 1653 e
1166 1617 1331 1660 potest,
1363 1623 1485 1662 quae
1516 1608 1786 1653 coniectura
1811 1608 2069 1653 certissima
2099 1608 2164 1660 fit,

442 1704 479 1749 si
511 1719 621 1749 cum
653 1704 758 1748 viro
790 1705 930 1748 docto
963 1703 1116 1749 Nairn
1133 1701 1267 1761 (CR.
1284 1704 1422 1756 XIII,
1439 1718 1484 1755 p.
1503 1701 1611 1759 393)
1628 1711 1846 1755 putamus
1866 1702 2163 1755 Propertium

442 1800 533 1844 hoc
565 1800 670 1844 loco
702 1799 926 1853 cogitasse
957 1800 1018 1844 de
1051 1798 1273 1844 Lucretio
1304 1798 1391 1850 VI,
1427 1797 1513 1843 139
1544 1813 1656 1852 sqq:

440 1910 550 1940 nam
597 1896 747 1949 quid
791 1895 998 1947 possit
1045 1894 1132 1939 ibi
1179 1894 1384 1939 flatus
1417 1894 1660 1938 manifesta
1690 1895 1829 1939 docet
1859 1909 1949 1947 res,

441 1991 532 2043 hic,
566 1990 647 2035 ubi
678 1990 830 2035 lenior
861 1998 945 2042 est,
978 1989 1036 2034 in
1068 1998 1238 2034 terra
1269 2004 1378 2034 cum
1410 1997 1567 2034 tamen
1599 1990 1689 2034 alta

441 2085 631 2131 arbusta
661 2086 889 2130 evolvens
921 2083 1156 2129 radicibus
1187 2084 1341 2129 haurit
1372 2083 1431 2129 ab
1462 2084 1581 2129 imis.

443 2240 739 2292 Fischerum‚
772 2239 854 2292 qui
886 2238 940 2283 51
974 2247 1021 2283 et
1052 2237 1108 2283 53
1141 2239 1303 2283 sedem
1336 2247 1539 2283 mutasse
1570 2238 1791 2284 credebat
1814 2238 1929 2284 Otto
1945 2239 2164 2284 refutavit

448 2333 742 2393 (Versumst.
775 2335 796 2379 I
828 2350 874 2388 p.
905 2333 1008 2390 21);
1042 2333 1095 2378 51
1131 2333 1385 2386 opponitur
1416 2334 1574 2379 versui
1609 2333 1680 2386 48,
1712 2349 1878 2379 versus
1900 2333 1957 2379 53
1973 2343 2165 2379 revocat

445 2445 636 2476 versum
668 2430 740 2475 50.
1516 2492 1519 2495 ,

446 2526 542 2578 Qui
565 2525 845 2570 Fischerum
865 2534 1140 2579 sequuntur,
1172 2525 1343 2578 ligno
1375 2540 1471 2569 non
1496 2525 1676 2570 trabem
1704 2539 1820 2576 esse,
1852 2525 1935 2570 sed
1967 2538 2162 2569 navem

444 2629 621 2675 putant,
665 2622 755 2665 hoc
797 2629 954 2665 tamen
999 2621 1154 2665 minus
1197 2620 1373 2673 placet;
1417 2635 1517 2673 nos,
1561 2620 1643 2674 qui
1683 2620 1899 2664 ordinem
1942 2619 2163 2664 traditum

442 2731 700 2768 servamus,
731 2717 763 2760 h
777 2716 792 2760 i
806 2731 833 2761 a
844 2724 861 2761 t
874 2731 905 2761 u
921 2731 967 2760 m
1014 2730 1044 2760 o
1055 2715 1142 2760 ris
1173 2714 1485 2768 intelligimus,
1529 2715 1594 2759 illi
1638 2730 1662 2759 r
1678 2715 1692 2759 i
1710 2730 1757 2759 m
1774 2729 1801 2759 a
1817 2730 1879 2759 m.

444 2871 682 2916 attulimus
712 2871 871 2924 longas
903 2870 950 2915 in
974 2870 1093 2915 freta
1118 2879 1275 2916 vestra
1303 2885 1469 2915 manus

447 2967 489 3012 L
505 2981 535 3011 o
551 2982 582 3011 n
599 2975 669 3019 ga
685 2981 706 3011 s
738 2981 765 3011 a
795 2966 1032 3018 plerisque
1063 2965 1332 3010 defenditur
1362 2965 1529 3010 collato
1561 2964 1622 3017 11,
1647 2963 1688 3016 2,
1716 2963 1743 3008 5

599 3061 727 3106 fulva
757 3075 893 3106 coma
923 3069 992 3105 est
1023 3061 1282 3113 longaeque
1314 3075 1505 3105 manus.
1524 3093 1535 3104 .
1554 3093 1564 3104 .
1583 3093 1594 3104 .

446 3170 541 3209 quo
573 3170 714 3200 versu
747 3155 1019 3207 Propertius
1050 3156 1248 3199 formam
1280 3170 1391 3200 suae
1423 3155 1606 3207 puellae
1636 3154 1852 3199 laudibus
1883 3153 2073 3198 extollit.

449 3248 642 3302 Optime
686 3250 943 3303 intelligere
986 3264 1235 3302 possumus
1277 3251 1492 3303 longas
1539 3265 1671 3295 man
1689 3265 1754 3294 us
1797 3247 2043 3300 nominari,
2081 3247 2162 3292 ubi

448 3346 537 3389 alia
577 3345 705 3399 signa
745 3345 926 3390 formae
964 3345 1226 3398 laudentur,
1258 3347 1341 3391 sed
1373 3346 1444 3390 fac
1475 3353 1660 3398 poetam
1691 3359 1859 3390 revera
1888 3344 1965 3389 hic
2005 3343 2163 3388 dicere

449 3441 597 3485 velle:
641 3455 727 3485 cur
769 3440 993 3485 iuvenem
1037 3456 1114 3485 me
1157 3441 1329 3493 rapitis,
1375 3456 1460 3486 cur
1491 3440 1789 3485 moriendum
1821 3439 1935 3484 mihi
1966 3446 2049 3490 est,
2080 3437 2162 3491 qui
