2566 3886
346 689 418 734 25.

343 2030 414 2076 35.

344 2222 415 2267 37.

343 2413 414 2458 44.

342 2602 413 2648 43.

341 2983 412 3028 45.

1140 273 1407 319 —116-

482 401 707 457 opinioni,
760 420 939 450 novum
990 414 1315 459 argumentum
1363 406 1494 451 affert
1540 409 1775 454 narrando
1821 410 1958 455 deam
2004 426 2195 465 quoque

482 500 657 544 nudam
689 515 798 545 cum
831 509 1038 546 amatore
1070 516 1155 546 suo
1187 502 1512 547 concubuisse.

479 699 619 744 atque
651 691 828 738 utinam
860 693 1095 738 haerentis
1126 694 1192 739 sic
1224 708 1310 739 nos
1340 693 1521 739 vincire
1553 702 1717 739 catena

632 789 792 841 velles,
825 797 876 833 ut
907 804 1151 842 nunquam
1183 790 1388 834 solveret
1419 790 1512 834 ulla
1543 788 1672 834 dies!

482 883 792 936 Explicationi
823 900 851 930 a
883 884 1179 930 Rothsteinio
1210 885 1344 930 datae
1376 884 1560 929 obstant
1591 885 1728 931 haec:
1759 885 1965 939 primum
1993 902 2102 933 nos
2134 888 2194 934 de

479 980 580 1025 solo
611 989 749 1033 poeta
779 980 855 1025 hic
886 980 1100 1025 adhiberi
1131 988 1236 1033 post
1267 995 1458 1025 versum
1490 979 1576 1024 23:

480 1075 594 1120 dum
626 1090 712 1120 nos
744 1076 834 1121 fata
865 1076 1023 1121 sinunt

480 1171 770 1224 incredibile,
824 1172 998 1217 deinde
1063 1187 1174 1217 nos
1227 1171 1557 1216 haerentis
1609 1172 1860 1219 vincire
1914 1175 2081 1220 melius
2133 1176 2194 1220 de

479 1266 726 1320 Propertio
788 1277 834 1312 et
899 1266 1107 1320 Cynthia
1164 1268 1347 1320 dicitur,
1410 1276 1649 1320 postremo
1710 1268 1903 1314 imitatio
1963 1268 2194 1322 Sulpiciae

477 1359 610 1420 (Tib.
643 1362 729 1407 IV.
762 1361 803 1407 5.
838 1360 945 1421 15):

477 1458 561 1502 sed
593 1458 747 1511 potius
778 1459 934 1503 valida
964 1468 1210 1504 teneamur
1241 1468 1440 1512 uterque
1471 1467 1657 1513 catena;

630 1554 757 1598 nulla
787 1562 928 1606 queat
958 1555 1152 1607 posthac
1183 1570 1270 1600 nos
1301 1555 1496 1600 soluisse
1527 1555 1641 1600 dies.

478 1650 533 1695 In
587 1650 861 1695 Baehrensii
907 1651 1175 1695 coniectura
1220 1651 1392 1696 vellet
1437 1651 1514 1695 uti
1561 1650 1789 1704 displicet,
1821 1659 1871 1696 ut
1904 1651 2194 1698 Hartmanus

477 1745 710 1798 observat,
742 1746 870 1798 quod
903 1754 1066 1790 catena
1107 1745 1462 1791 subiectum
1501 1755 1570 1791 est
1601 1746 1736 1792 verbi
1767 1748 1979 1793 vellet.

478 1840 607 1892 Quid
639 1849 770 1894 agam
803 1841 977 1886 nescio.

478 2031 685 2077 dolores:
709 2032 821 2077 vide
847 2046 969 2085 quae
1001 2032 1252 2077 observavi
1283 2033 1343 2077 ad
1376 2032 1411 2077 Ι.
1431 2031 1500 2077 10.
1522 2031 1597 2085 13;
1629 2032 1732 2086 lego
1763 2032 1900 2086 igitur
1930 2032 2194 2078 calores.

478 2221 605 2268 Cum
639 2222 927 2268 Baehrensio
958 2223 1062 2277 lego
1094 2238 1180 2276 pro
1211 2232 1415 2268 tecum
1448 2222 1619 2267 talis:
1651 2222 1798 2267 talis
1830 2223 2074 2268 iterum.

475 2413 553 2458 Ve
566 2428 590 2458 r
603 2422 620 2458 t
633 2429 660 2458 e
674 2429 698 2458 r
710 2428 737 2458 e
750 2422 768 2458 t
810 2413 931 2458 bene
963 2413 1175 2459 defendit
1207 2413 1552 2458 Lachmannus.

475 2619 570 2649 non
613 2604 790 2649 ferrum
827 2604 1020 2649 crudele
1052 2618 1208 2656 neque
1239 2612 1361 2649 esset
1391 2603 1558 2648 bellica
1588 2603 1721 2648 navis

476 2698 789 2743 Baehrensius
821 2714 929 2744 cum
963 2698 1060 2743 DV
1097 2707 1265 2744 esset
1302 2713 1508 2751 neque
1539 2698 1699 2750 edidit,
1731 2698 1814 2742 sed
1846 2697 2010 2742 confer
2040 2712 2193 2742 meam

474 2794 533 2838 ad
566 2794 627 2846 ΙΙ,
660 2792 732 2846 34,
763 2793 820 2839 23
853 2795 1202 2840 adnotationem
1234 2803 1280 2839 et
1313 2793 1518 2839 Housm.
1550 2791 1694 2851 (JPh.
1726 2792 1848 2838 XXI
1880 2808 1925 2846 p.
1960 2790 2086 2850 187.)

476 2983 521 3029 Ο
537 2999 568 3036 p
582 3000 612 3037 p
626 2999 657 3029 u
671 2992 699 3037 g
712 2999 743 3028 n
755 2999 782 3029 a
795 2993 812 3029 t
826 3000 853 3029 a
896 2985 1088 3031 defendi
1132 2986 1309 3039 nequit,
1351 2985 1439 3030 nisi
1482 2999 1591 3030 cum
1626 2983 1920 3029 Rothsteinio
1957 2982 2194 3029 credimus

472 3079 773 3131 proprios
819 3080 1143 3133 triumpho
1161 3096 1182 3126 s
1213 3095 1315 3126 esse
1347 3080 1496 3125 victos
1528 3079 1708 3124 Romae
1740 3080 1909 3124 hostes.

475 3174 587 3219 Hoc
632 3183 760 3220 certe
791 3175 930 3220 nimis
961 3174 1215 3221 obscurum
1247 3184 1330 3228 est,
1362 3190 1519 3228 neque
1550 3175 1609 3219 ab
1642 3175 1736 3219 ullo
1768 3175 1942 3219 lectore
1977 3173 2194 3218 Romano

473 3271 760 3316 intellectum
793 3280 927 3316 esset.
965 3270 1091 3316 Cum
1115 3270 1402 3316 Baehrensio
1434 3270 1534 3323 lege
1572 3285 1599 3315 e
1612 3285 1643 3314 x
1655 3284 1686 3322 p
1697 3285 1727 3314 u
1741 3278 1769 3323 g
1781 3284 1812 3314 n
1824 3283 1851 3314 a
1863 3277 1881 3313 t
1893 3283 1921 3313 a
1954 3276 2001 3313 et
2035 3267 2194 3313 omnia

472 3366 595 3411 bene
623 3366 899 3418 procedunt.
