2566 3886
1121 264 1176 270 —
1209 238 1386 285 248—

460 366 606 412 edidit
638 367 972 420 Phillimorius.
1005 370 1133 421 quod
1165 369 1365 423 Anglice
1397 370 1463 416 sic
1489 371 1653 416 vertit:
1686 373 1807 424 „and
1830 372 2026 418 drained
2043 389 2174 419 reve-

459 476 576 506 nues
619 462 853 514 complain
895 463 991 508 that
1030 463 1197 509 Venus
1229 480 1390 510 means
1422 466 1762 519 bankruptcy.”
1795 467 1971 513 Melius
2002 477 2173 522 tamen,

457 556 567 609 quia
598 572 763 602 versus
794 558 860 602 sic
892 558 1047 603 minus
1079 559 1226 604 durus
1257 560 1319 612 fit,
1353 560 1576 606 Italorum
1630 562 1858 607 correctio
1911 562 2173 616 Venere,

458 666 598 704 quam
631 653 772 706 vulgo
803 662 1059 699 assumunt.

383 875 394 885 .
455 851 583 887 certa
613 842 806 895 quidem
838 843 976 888 tantis
1007 858 1146 889 causa
1177 852 1224 889 et
1254 845 1499 890 manifesta
1529 845 1676 890 ruinis

456 938 571 984 Non
586 938 813 983 debuerat
828 939 1086 993 Postgatius
1100 940 1311 993 recipere
1325 939 1528 984 Palmeri
1546 940 1863 986 coniecturam
1878 939 2010 999 (CR.
2035 942 2096 995 II,
2127 958 2172 996 p.

457 1030 568 1090 39):
585 1034 831 1086 rapinis
863 1049 950 1087 pro
981 1035 1200 1080 ruinis.
1234 1035 1342 1087 Ipse
1358 1035 1546 1080 Palmer
1566 1050 1697 1080 suam
1714 1036 2032 1082 coniecturam
2045 1037 2174 1082 hisce

457 1129 616 1174 verbis
647 1130 973 1175 commendat:
1006 1130 1261 1182 „Ruinis
1293 1130 1331 1174 is
1362 1132 1581 1176 unsound
1613 1131 1686 1176 for
1702 1140 1796 1177 two
1812 1146 2016 1177 reasons.
2034 1132 2173 1186 First,

455 1224 727 1277 Propertius
768 1224 807 1270 is
853 1233 934 1270 not
966 1225 1201 1278 inquiring
1242 1225 1340 1270 into
1371 1226 1450 1270 the
1482 1241 1622 1271 cause
1653 1226 1701 1271 oi
1732 1227 1810 1272 the
1842 1227 2174 1281 bankruptcies

452 1319 508 1364 of
547 1334 681 1365 men:
729 1320 969 1372 secondly,
1016 1335 1087 1365 ru
1104 1320 1229 1364 inis
1276 1320 1416 1365 could
1448 1329 1543 1373 not,
1576 1320 1753 1374 barley,
1786 1321 1851 1374 by
1881 1322 2010 1367 itself
2034 1337 2172 1368 mean

453 1413 800 1467 bankruptcies.
833 1413 1045 1460 Cicero’s
1082 1415 1299 1460 ruinas
1342 1415 1738 1461 fortunarum
1784 1425 2026 1462 tuarum
2058 1418 2173 1464 does

457 1517 539 1554 not
555 1509 730 1554 defend
748 1509 824 1554 it”.
858 1508 950 1554 Sed
982 1519 1149 1555 neutra
1179 1525 1319 1578 causa
1349 1510 1527 1563 gravis;
1560 1519 1719 1556 noster
1747 1511 1874 1556 enim
1901 1513 2174 1558 hexameter

451 1612 628 1657 spectat
658 1605 718 1649 ad
749 1613 1095 1658 pentametrum
1127 1606 1514 1658 praecedentem:
1548 1621 1662 1658 „cur
1693 1621 1807 1659 opes
1823 1607 2172 1661 exhauriantur,

451 1699 663 1752 quaeris3
705 1699 902 1751 luxuria,
941 1699 1018 1744 cui
1050 1699 1189 1744 nimis
1220 1700 1462 1754 indulgent
1494 1701 1729 1753 muliereS,
1762 1715 1901 1746 causa
1931 1710 2000 1747 est
2030 1702 2173 1748 fortu-

451 1810 618 1840 narum
660 1795 844 1840 illarum
889 1795 1222 1848 perditarum”.
1267 1795 1323 1840 In
1364 1797 1455 1841 hoc
1500 1804 1655 1841 autem
1687 1805 1909 1842 contextu
1955 1798 2172 1851 ruinis,

451 1890 631 1935 etiamsi
663 1906 759 1936 non
791 1890 979 1936 additur
1008 1890 1404 1936 fortunarum
1437 1892 1514 1936 vel
1546 1892 1635 1936 tale
1667 1892 1796 1944 quid,
1828 1907 1913 1945 per
1943 1908 1994 1938 se
2011 1893 2173 1938 intelli-

451 1986 584 2039 gitur.

378 2209 388 2221 .
451 2186 496 2221 et
527 2177 657 2222 venit
688 2177 834 2222 rubro
865 2177 1046 2222 concha
1079 2175 1284 2228 Erycina
1315 2177 1424 2221 salo.

450 2271 525 2317 Sic
556 2287 665 2316 cum
697 2271 940 2317 codicibus
973 2271 1238 2316 Muellerus
1267 2271 1510 2317 Palmerus
1525 2272 1797 2327 Postgatius,
1811 2273 1892 2326 qui
1909 2273 2176 2320 dubitanter

450 2366 498 2410 A
515 2366 733 2411 racina
765 2366 998 2419 proponit,
1032 2366 1279 2411 Rothstein
1302 2374 1348 2411 et
1375 2366 1476 2419 ipse
1501 2367 1732 2420 dubitans,
1759 2368 2046 2414 Phillimore.
2074 2369 2174 2423 Ego

448 2476 557 2506 cum
591 2462 899 2506 Lachmanno
932 2462 1144 2514 Hauptio
1175 2459 1382 2519 (Opusc.
1416 2462 1502 2515 ΙΙΙ,
1535 2460 1648 2520 514)
1678 2463 1899 2508 Vahleno
1937 2464 2169 2510 Baehren-

449 2556 518 2602 sio
550 2556 909 2609 Erythraea
939 2572 1107 2602 verum
1139 2557 1277 2602 duco.

375 2780 386 2791 .
449 2747 509 2792 Et
552 2745 707 2800 Tyros
751 2747 950 2792 ostrinos
996 2747 1189 2801 praebet
1221 2746 1434 2792 Cadmea
1464 2747 1660 2799 colores,

551 2842 803 2887 cinnamon
835 2851 881 2887 et
913 2843 1045 2888 multi
1078 2851 1235 2895 pastor
1266 2841 1424 2887 odoris
1456 2841 1627 2887 Arabs.

447 2936 523 2982 Sic
556 2937 902 2989 Lachmannus,
935 2937 1277 2990 Hertzbergius
1310 2936 1574 2982 Muellerus
1613 2937 1813 2989 Paleyus
1846 2938 2168 2984 Rothsteinius

450 3032 781 3077 Phillimorius.

450 3127 786 3179 Rothsteinius,
823 3128 903 3180 qui
946 3137 1162 3181 pastor
1203 3128 1378 3174 multi
1426 3128 1640 3174 odoris
1683 3129 1935 3183 coniungit,
1978 3139 2167 3176 annotat

449 3222 591 3266 haec:
636 3222 752 3274 „der
792 3222 994 3275 Araber,
1042 3225 1128 3268 der
1170 3224 1252 3268 das
1296 3224 1548 3269 cinnamon
1592 3225 1712 3268 nach
1745 3224 1869 3269 Rom
1901 3225 2095 3277 schickt,
2127 3225 2165 3270 is

450 3316 592 3361 selbst
623 3316 804 3362 multi
835 3318 1062 3370 odoris,
1094 3318 1186 3364 wie
1209 3319 1295 3364 IV.
1322 3317 1363 3363 3.
1390 3319 1448 3364 64
1477 3320 1563 3364 der
1586 3319 1832 3364 Anfiihrer
1858 3319 1990 3364 einer
2016 3320 2165 3366 orien-

449 3411 673 3458 talischen
705 3412 1039 3459 Volkerschaft
1070 3429 1099 3460 o
1113 3414 1144 3459 d
1158 3429 1187 3459 o
1201 3429 1225 3459 r
1237 3429 1265 3459 a
1277 3423 1336 3461 tu
1350 3429 1371 3459 s
1403 3415 1434 3460 d
1449 3430 1479 3461 u
1493 3431 1524 3459 x
1554 3423 1757 3470 genannt
1787 3414 1950 3460 wird”.
