2566 3886
1127 288 1392 335 -155—

469 430 678 474 vocetur,
722 421 867 467 semel
909 428 1088 465 tantum
1132 434 1288 472 neque
1319 419 1519 471 amplius
1551 419 1619 464 ire
1650 418 1891 471 iubetur”;
1925 418 1997 464 bis
2037 419 2185 464 Lach-

466 517 625 562 manni
665 516 837 568 verbis,
878 515 959 569 qui
987 515 1087 568 ipse
1124 515 1317 560 semel
1348 514 1444 558 ire
1476 514 1520 558 ti
1538 522 1704 558 meto
1735 513 1856 567 legit,
1892 514 2006 559 moti
2039 513 2185 559 Baeh-

466 612 649 657 rensius
686 612 876 657 semel
908 611 1000 656 ire
1031 618 1270 663 negato,
1303 609 1550 654 Vahlenus
1581 606 1834 666 (Beitrage,
1867 609 2040 655 Berlin.
2073 607 2183 654 Sitz.

467 707 565 752 ber.
606 705 717 752 1881
756 722 801 760 p.
843 703 958 763 354)
1004 705 1285 758 sepelire
1332 713 1656 756 memento,
1716 704 1891 749 Hetzel
1942 702 2183 762 (Beitrage

467 817 556 846 zur
589 801 854 854 Erklarung
900 801 946 845 d.
978 800 1119 853 Prop.
1152 813 1197 852 p.
1229 796 1314 856 29)
1360 799 1556 844 semel
1602 799 1693 843 ira
1738 798 1976 843 redibit
2018 814 2185 853 propo-

465 867 673 941 suerunt.
688 895 764 940 De
777 895 997 940 omnibus
1007 894 1079 939 his
1090 893 1370 939 coniecturis
1384 893 1507 938 bene
1520 893 1739 938 observat
1749 893 1947 947 Risberg
1955 891 2183 950 (Emend.

464 998 510 1035 et
542 989 722 1043 Explic.
739 1005 784 1043 p.
802 987 911 1047 25):
944 988 1177 1040 „Pulchre
1208 987 1420 1041 profecto
1452 986 1709 1032 monitum!
1742 987 1989 1032 Praeclare
2007 988 2184 1033 scilicet

463 1084 540 1130 ille
570 1098 731 1129 amore
761 1083 916 1137 puella
945 1083 1140 1135 fruatur,
1172 1081 1210 1127 si
1241 1097 1484 1135 nunquam
1515 1082 1574 1127 ad
1603 1097 1707 1127 eam
1736 1081 1937 1127 veniat.”

463 1179 664 1224 Kuinoel
689 1176 731 1236 ¹)
775 1178 904 1230 mihi,
956 1187 1006 1223 ut
1053 1177 1242 1231 Paleyo,
1289 1192 1480 1222 versum
1527 1185 1655 1222 recte
1701 1177 2029 1230 interpretatus
2077 1193 2180 1223 esse

462 1274 672 1319 videtur:
705 1289 777 1318 ne
807 1273 1094 1318 abutaris
1125 1272 1526 1326 benignitate
1557 1272 1861 1324 dominae,
1894 1273 1991 1317 sed
2017 1287 2181 1325 parce

462 1377 641 1414 utere
672 1383 753 1420 ea,
785 1376 847 1412 ut
878 1368 1061 1413 decet
1092 1368 1639 1420 circumspectum.
1674 1367 1815 1412 Hanc
1842 1367 2181 1421 interpretandi

461 1463 689 1508 rationem
706 1462 938 1515 improbat
956 1462 1168 1516 Risberg,
1185 1463 1313 1515 quod
1330 1471 1459 1516 putat
1486 1462 1546 1507 in
1559 1462 1663 1507 vid
1679 1462 1733 1507 ia
1745 1477 1791 1506 m
1813 1463 1960 1515 quod
1993 1463 2024 1506 h
2038 1477 2065 1506 a
2078 1462 2109 1506 b
2124 1471 2182 1507 et

459 1558 579 1603 verti
610 1573 705 1603 non
736 1572 874 1611 posse
905 1558 955 1602 si
998 1558 1145 1611 quid
1189 1558 1478 1603 invidiae
1520 1558 1738 1609 fuerit,
1775 1558 1858 1603 sed
1892 1557 2179 1612 significare:

460 1653 623 1707 quod
655 1653 940 1698 invidiae
971 1653 1086 1698 iam
1119 1662 1225 1698 est.
1260 1653 1505 1707 Risbergio
1537 1653 1574 1698 si
1607 1653 1858 1705 credimus,
1890 1661 2029 1706 poeta
2056 1668 2178 1698 ama-

459 1757 608 1793 torem
635 1763 663 1793 a
690 1747 909 1801 superbia
936 1762 1166 1793 revocans
1194 1756 1376 1793 monet:
1397 1748 1436 1792 1.
1466 1763 1526 1793 ne
1555 1747 1711 1793 ardori
1733 1748 1917 1801 puellae
1933 1747 2177 1792 confidens

459 1844 519 1888 de
556 1844 742 1888 fortuna
777 1857 860 1887 sua
897 1857 1054 1887 coram
1093 1843 1192 1888 aliis
1224 1843 1459 1896 glorietur,
1477 1843 1518 1888 2.
1552 1858 1612 1888 ne
1644 1843 1960 1888 assiduitatem
1993 1843 2177 1896 puellae

458 1938 697 1983 fastidiens
740 1939 917 1992 roganti
961 1940 1113 1984 lentus
1154 1948 1293 1993 atque
1337 1939 1533 1984 difficilis
1575 1940 1656 1992 sit3
1700 1940 1874 1985 deinde
1905 1939 1979 1984 vir
2010 1940 2176 1985 doctus

457 2033 639 2078 confert
662 2048 707 2077 v.
736 2033 790 2078 21
823 2033 1026 2079 fastus
1069 2035 1350 2079 adsumis
1381 2032 1571 2092 (contra
1599 2034 1872 2088 Propertius
1901 2034 2024 2087 ipse:
2055 2035 2178 2080 ultro

458 2136 752 2180 contemptus
795 2137 923 2182 rogat
969 2126 1050 2187 19)
1091 2129 1426 2183 coniungitque
1470 2131 1663 2175 semel
1704 2145 1812 2175 cum
1851 2138 2177 2182 memento,

458 2222 517 2267 in
549 2231 922 2276 perpetuum
954 2220 1172 2282 (germt
1204 2224 1340 2270 eins
1371 2225 1468 2270 fiir
1498 2223 1782 2283 allemal)
1812 2234 2017 2271 vertens.

460 2316 596 2362 Haec
608 2318 866 2371 explicatio,
882 2318 995 2372 quin
1024 2319 1135 2363 {alsa
1161 2319 1231 2370 sit,
1260 2334 1452 2372 prorsus
1480 2334 1576 2364 non
1606 2320 1784 2373 dubito,
1816 2321 2020 2373 primum
2047 2320 2174 2366 enim

456 2426 647 2464 quaero,
679 2427 765 2458 cur
809 2412 1081 2466 Propertius
1123 2414 1308 2459 aemulo
1352 2429 1438 2459 suo
1469 2415 1674 2467 suadeat,
1707 2424 1757 2460 ut
1787 2415 2004 2467 quamvis
2036 2430 2175 2469 saepe

457 2515 649 2552 vocatus
686 2522 873 2561 semper
909 2516 994 2552 eat.
1028 2508 1249 2553 Potestne
1281 2517 1373 2553 tam
1405 2509 1541 2554 facile
1572 2509 1711 2562 ferre,
1744 2510 1981 2554 aemulum
2014 2525 2174 2555 amore

456 2601 691 2655 Cynthiae
731 2602 920 2648 cottidie
962 2603 1066 2655 frui,
1109 2612 1240 2649 estne
1283 2605 1374 2649 hoc
1417 2605 1634 2650 amatoris
1674 2605 2026 2651 ardentissimi?
2058 2605 2172 2651 Non

457 2696 639 2750 opinor,
667 2697 812 2742 immo
838 2712 954 2742 vero
982 2698 1148 2743 callide
1176 2708 1313 2751 poeta
1339 2701 1526 2745 aemulo
1554 2701 1732 2752 suadet,
1760 2709 1811 2745 ut
1829 2701 1976 2746 semel
1991 2709 2173 2746 tantum

457 2792 599 2836 modo
645 2793 847 2844 puellam
894 2793 1012 2837 visat
1058 2808 1251 2846 sperans
1297 2794 1358 2839 ita
1403 2795 1606 2847 puellam
1653 2795 1815 2840 iratam
1862 2795 1965 2841 fore
2008 2795 2173 2849 frigido

456 2886 675 2938 amatori;
707 2894 786 2931 aut
816 2886 903 2931 sibi
935 2887 1022 2940 ipsi
1054 2887 1239 2932 ianuam
1271 2889 1430 2934 denuo
1461 2898 1674 2942 apertum
1704 2890 1785 2942 iri;
1814 2899 1893 2935 aut
1917 2899 2171 2936 amatorem

456 2994 563 3024 raro
593 2980 755 3025 saltem
786 2981 883 3026 voti
914 2991 1179 3036 compotem
1211 2983 1417 3029 futurum
1450 2999 1567 3029 esse.
1599 2983 1691 3029 Sed
1723 2994 1964 3038 praeterea
1980 3001 2172 3039 prorsus

457 3089 533 3119 me
564 3075 796 3127 praeterit,
828 3091 913 3120 cur
943 3076 1178 3122 Kuinoelii
1210 3077 1528 3132 interpretatio
1559 3079 1825 3124 damnanda
1856 3081 1926 3133 sit,
1959 3096 2044 3125 cur
2075 3096 2169 3126 non

457 3169 584 3213 salva
625 3169 779 3223 lingua
821 3170 882 3215 ita
924 3171 1044 3215 verti
1085 3171 1254 3224 possit:
1298 3172 1522 3217 invidiam
1561 3175 1689 3225 quod
1721 3174 1861 3219 habet
1891 3174 1920 3219 i.
1953 3190 2008 3226 e..
2040 3177 2169 3228 quod

373 3285 400 3329 1)
448 3288 689 3331 Hertzbergii
714 3290 984 3332 interpretatio,
1000 3303 1108 3332 quam
1124 3291 1218 3326 Otto
1232 3304 1376 3334 quoque
1390 3305 1515 3327 veram
1530 3294 1631 3328 ducit
1645 3290 1786 3336 (Berlin
1802 3295 1894 3329 Phil.
1904 3295 2169 3331 Wochenschr.

327 3346 429 3387 188⁴,
473 3347 548 3382 No.
589 3345 670 3391 13)=
720 3350 882 3383 semel
933 3350 1009 3383 ire
1059 3359 1334 3392 memento,
1384 3363 1441 3385 ne
1467 3354 1645 3392 puella
1695 3362 1915 3394 propter
1965 3356 2167 3395 copiam

324 3416 342 3438 ι
355 3416 375 3439 ι
389 3412 404 3439 t
418 3406 430 3439 i
444 3417 464 3440 e
478 3414 492 3440 t
506 3418 526 3441 a
540 3414 554 3441 t
568 3419 588 3441 e
620 3419 640 3441 c
655 3419 675 3441 a
689 3409 771 3448 pia
786 3415 800 3442 t
814 3420 836 3441 u
851 3420 868 3442 r
905 3420 990 3442 cum
1018 3409 1212 3452 Riobergio
1240 3411 1367 3453 reicio,
1395 3419 1590 3453 propterea
1615 3414 1711 3454 quod
1738 3413 1823 3448 voci
1855 3414 1866 3447 i
1883 3425 1905 3447 u
1919 3425 1943 3449 v
1958 3414 1968 3448 i
1983 3416 2004 3449 d
2020 3416 2031 3449 i
2046 3426 2066 3448 a
2094 3426 2168 3450 non

325 3470 426 3500 recte
452 3465 510 3502 vis
544 3473 559 3500 t
571 3478 591 3501 a
605 3477 625 3500 e
637 3468 659 3502 d
675 3467 712 3501 ii
746 3467 931 3504 tribuitur.
