2566 3886
333 400 403 446 55.

331 589 402 635 56.

329 1350 399 1396 59.

1121 269 1387 315 —253—

466 409 525 446 te
556 415 643 453 pro
674 409 736 446 et
766 415 874 446 eum
907 401 1047 446 Italis.

463 598 509 635 te
541 591 692 636 scelus
723 598 917 643 accepto
948 589 1144 636 Thracis
1176 590 1511 643 Polymestoris
1542 607 1658 637 auro

532 685 676 730 nutrit
707 685 755 730 in
787 685 988 738 hospitio
1019 700 1130 737 non,
1164 685 1415 738 Polydore‚
1447 694 1512 731 tu
1531 701 1560 731 o

462 779 505 824 Τ
522 795 553 824 ιι
571 794 600 824 o
633 778 694 831 0,
726 779 834 832 pio
866 779 931 824 Ν.

460 874 616 927 Vulgo
664 873 964 927 Neapolitani
995 874 1132 919 lectio
1163 874 1408 926 recipitur:
1440 889 1515 920 no
1532 891 1562 920 n
1594 884 1659 921 tu
1675 891 1705 921 o
1736 874 1987 937 (infausto)
2020 889 2175 926 tamen

463 968 737 1022 exquisitius
783 968 959 1013 dictum
1006 977 1089 1020 est,
1135 983 1276 1021 quam
1323 977 1374 1013 ut
1416 969 1746 1022 interpolatum
1792 982 1871 1018 aut
1901 984 2174 1027 corruptum

462 1063 626 1108 haberi
642 1063 799 1116 possit.
831 1062 958 1108 Cum
992 1062 1273 1108 Housmano
1303 1060 1449 1121 (JPh.
1481 1063 1602 1109 XXI
1634 1079 1678 1117 p.
1714 1064 1824 1124 157)
1847 1068 2095 1114 lectionem
2129 1070 2174 1116 O

462 1156 539 1202 hic
571 1156 871 1210 Neapolitani
903 1157 1091 1202 lectioni
1123 1157 1352 1209 praefero.

461 1352 738 1404 proloquar:
770 1349 935 1409 (atque
969 1350 1145 1396 utinam
1174 1350 1349 1403 patriae
1380 1351 1467 1395 sim
1500 1367 1531 1396 v
1548 1367 1656 1397 eru
1674 1367 1694 1396 s
1726 1354 1987 1413 haruspex)

518 1446 744 1500 frangitur
773 1445 873 1498 ipsa
904 1446 998 1491 suis
1031 1445 1184 1490 Roma
1216 1445 1418 1498 superba
1450 1446 1598 1492 bonis.

462 1541 637 1586 Iniuria
668 1541 988 1587 Rothsteinius
1019 1550 1066 1586 et
1097 1540 1414 1586 Phillimorius
1445 1542 1693 1588 lectionem
1724 1560 1755 1589 v
1772 1559 1798 1589 e
1816 1560 1839 1589 r
1856 1561 1886 1590 u
1903 1561 1924 1590 s
1947 1545 2172 1600 integram

460 1637 652 1689 ducunt,
699 1651 854 1691 neque
901 1636 1027 1682 enim
1076 1635 1367 1681 Lachmanni
1414 1637 1660 1689 explicatio
1703 1639 1915 1685 lectionis
1951 1641 2171 1687 traditae:

459 1745 630 1783 „verus
661 1731 836 1784 patriae
867 1745 979 1776 suae
1011 1732 1245 1785 haruspex
1276 1746 1303 1776 e
1321 1746 1343 1776 s
1360 1746 1381 1776 s
1397 1747 1438 1784 e,
1471 1732 1518 1777 id
1545 1741 1628 1785 est,
1675 1734 1785 1779 vid
1802 1749 1830 1779 e
1846 1735 1900 1779 ri
1944 1737 2172 1788 postulat”

459 1826 622 1878 placet.
682 1825 808 1871 Cum
851 1841 884 1870 v
926 1826 1175 1880 legendum
1222 1834 1292 1870 est
1336 1841 1457 1872 van
1476 1842 1506 1872 u
1524 1842 1558 1880 s,
1605 1828 1664 1873 cf.
1713 1828 2080 1884 Hertzbergium
2128 1840 2174 1877 et

459 1934 545 1966 nos
575 1921 635 1965 ad
666 1920 859 1974 elegiam
891 1920 1002 1973 XV,
1037 1921 1089 1966 11
1123 1921 1260 1966 huius
1292 1920 1412 1966 libri.

327 2114 516 2161 51-54,
548 2115 722 2161 torrida
753 2116 1026 2171 sacrilegum
1059 2125 1283 2163 testantur
1314 2118 1474 2163 limina
1506 2119 1762 2172 Brennum,

324 2967 396 3013 65.

622 2211 735 2256 dum
767 2210 882 2264 petit
911 2211 1081 2256 intonsi
1114 2211 1282 2265 Pythia
1312 2222 1454 2267 regna
1485 2214 1588 2259 dei:

458 2314 504 2350 at
534 2320 670 2351 mons
701 2305 930 2359 laurigero
962 2321 1217 2352 concussus
1248 2308 1425 2353 vertice
1458 2309 1582 2354 diras

618 2400 799 2447 Gallica
829 2401 1062 2447 Parnasus
1093 2403 1263 2456 spargit
1293 2403 1341 2448 in
1373 2418 1502 2449 arma
1533 2405 1667 2451 nives

458 2510 635 2540 mons
769 2496 957 2541 diras
990 2496 1054 2550 N,
1087 2513 1228 2543 mox
1364 2499 1565 2545 duras
1598 2500 1668 2553 03
1701 2500 1885 2547 diras
1908 2502 2171 2547 nullidubi-

457 2590 616 2635 tationi
662 2590 919 2636 obnoxium
951 2600 1044 2644 est:
1076 2607 1162 2645 pro
1194 2609 1241 2638 ιιι
1258 2608 1287 2638 o
1304 2609 1335 2638 n
1353 2609 1374 2639 s
1407 2594 1719 2641 Baehrensius
1751 2604 1796 2641 et
1829 2596 2170 2643 Housmannus

456 2683 600 2742 (JPh.
646 2685 783 2739 XXI,
830 2701 874 2738 p.
925 2684 1037 2744 167)
1083 2703 1130 2732 m
1148 2702 1225 2733 ox
1270 2689 1564 2742 praeierunt3
1606 2699 1747 2743 recte,
1780 2700 1830 2736 ut
1861 2692 2030 2744 opinor
2061 2708 2168 2737 nam

458 2795 505 2824 m
522 2795 552 2825 o
569 2795 601 2824 x
632 2781 888 2826 sententiae
919 2781 1017 2826 vim
1048 2783 1356 2828 vehementer
1386 2793 1534 2837 auget.

456 2968 534 3013 ille
565 2969 694 3014 furor
725 2969 899 3021 patriae
929 2969 1016 3014 fuit
1047 2970 1184 3023 utilis,
1217 2971 1294 3017 ille
1326 2973 1531 3025 parenti:

515 3072 707 3116 experta
737 3073 806 3109 est
835 3078 975 3109 veros
1005 3064 1134 3109 irrita
1164 3065 1318 3119 lingua
1349 3067 1476 3111 deos.

456 3158 657 3210 Paleyus
699 3167 912 3204 annotat:
956 3158 1071 3211 „fuit
1111 3159 1234 3204 utilis
1276 3159 1305 3204 i.
1323 3175 1363 3205 e.
1402 3176 1569 3206 revera
1599 3161 1684 3207 fuit
1714 3162 1851 3215 utilis,
1883 3178 2166 3218 quamquam

456 3261 638 3306 spretus
679 3252 810 3298 nihili
853 3253 999 3298 iactus
1030 3261 1125 3305 est;
1157 3253 1313 3298 which
1346 3254 1383 3298 is
1415 3255 1683 3308 equivalent
1713 3264 1760 3300 to
1792 3256 1978 3311 saying:
2010 3258 2168 3303 fuisset

452 3346 590 3399 utilis,
622 3347 660 3392 si
701 3347 886 3393 auditus
929 3348 1078 3393 esset”
1123 3348 1442 3395 Rothsteinius
1483 3350 1724 3396 observat:
1757 3352 1891 3404 „dass
1923 3354 2009 3398 der
2039 3354 2169 3399 furor

455 3441 541 3486 der
571 3441 834 3487 Kassandra
863 3442 986 3487 utilis
1019 3457 1118 3488 war
1147 3443 1205 3487 ist
1235 3443 1312 3488 ein
1344 3444 1519 3490 ebenso
1551 3444 1842 3491 beabsichtes
1874 3447 2167 3500 Paradoxon,
