2566 3886
1146 284 1413 329 —244—

352 411 423 457 26.
486 413 664 458 Iniuria
709 423 937 466 spernunt
977 414 1122 467 Paley
1153 425 1199 460 et
1231 415 1515 462 Phillemore
1547 416 1795 462 Schraderi
1825 419 2200 466 emendationem

487 523 508 553 s
526 524 556 554 u
574 509 605 554 b
619 510 650 554 d
668 524 695 554 e
711 525 735 554 r
751 524 778 555 e
810 525 896 563 pro
928 525 949 554 s
966 526 997 555 u
1014 525 1038 555 r
1054 519 1081 563 g
1098 525 1124 556 e
1143 525 1167 555 r
1183 525 1230 555 e:
1265 510 1431 556 Bactra
1446 527 1688 566 nunquam
1705 512 1931 566 Assyriae
1947 522 2086 568 caput
2101 516 2201 561 tuit.

349 697 420 743 29.
484 698 581 744 Hic
613 714 777 745 versus
809 709 1154 755 sequentesque
1185 701 1251 746 sic
1283 701 1643 756 interpungendi
1675 711 1720 748 et
1751 703 1934 758 legendi
1967 713 2099 750 sunt:

602 795 747 848 Quid,
780 797 923 841 modo
955 812 1077 850 quae
1108 798 1278 843 nostris
1309 798 1563 852 opprobria
1593 799 1775 845 vexerit
1806 800 1947 845 armis

717 900 763 936 et
793 891 993 937 famulos
1024 892 1146 937 inter
1175 892 1351 938 femina
1381 894 1486 939 trita
1517 894 1665 940 suos?

600 987 644 1032 C
661 1002 689 1032 o
706 1003 737 1031 ιι
756 988 818 1032 iu
835 987 923 1041 gii
955 987 1146 1033 obsceni
1179 989 1380 1041 pretium
1415 989 1630 1035 Romana
1660 991 1871 1043 poposcit

717 1082 904 1128 moenia
935 1091 1022 1128 etc.

481 1177 623 1229 Quod
657 1178 786 1223 modi
818 1178 1036 1223 vexerit
1068 1187 1114 1223 et
1140 1180 1426 1232 proposcit
1448 1168 1570 1225 inter
1593 1195 1642 1225 se
1671 1180 1905 1233 differunt,
1922 1189 2196 1235 argumento

477 1282 546 1318 est
593 1282 697 1326 post
742 1288 763 1318 s
780 1290 811 1319 u
828 1289 857 1319 o
874 1289 895 1319 s
942 1272 1416 1332 interpungenduml)
1463 1290 1582 1327 esse,
1614 1290 1882 1330 novamque
1916 1276 2193 1322 sententiam

476 1369 684 1422 incipere
716 1385 744 1415 a
774 1385 916 1415 versu
948 1369 1019 1415 31.

477 1463 764 1510 Coniunctio
796 1474 847 1510 et
879 1480 987 1510 cum
1020 1464 1240 1511 Schulzio
1278 1463 1444 1523 (Rom.
1464 1466 1592 1519 Eleg.
1610 1482 1654 1520 p.
1672 1465 1785 1524 228)
1811 1475 1947 1512 verto
1978 1467 2192 1512 etiam.

475 1559 724 1606 Pretium
757 1561 1008 1615 coniugis
1046 1562 1185 1615 vulgo
1218 1561 1508 1615 intelligitur:
1541 1563 1669 1616 quod
1701 1562 1886 1616 coniugi
1910 1563 2190 1608 solvendum

474 1665 562 1701 est:
594 1656 747 1702 scribe
777 1665 935 1702 tamen
966 1671 1075 1702 cum
1108 1656 1369 1702 Passeratio
1400 1657 1711 1711 coniugii.

339 1845 409 1891 36.
473 1847 819 1900 Lachmannus‚
867 1847 947 1901 qui
993 1863 1158 1893 versus
1205 1846 1262 1893 36
1308 1857 1354 1892 et
1385 1847 1442 1892 40
1473 1847 1594 1892 inter
1625 1863 1675 1892 se
1707 1856 2012 1902 transponere
2043 1849 2191 1895 voluit

473 1942 595 1987 bene
626 1943 852 1988 refutatus
884 1952 954 1988 est
984 1943 1042 1988 ab
1067 1942 1245 1988 Ottone
1261 1940 1552 2000 (Versumst.
1587 1943 1623 1988 Ι.
1652 1958 1697 1996 p.
1722 1940 1825 2001 22);
1846 1944 1904 1989 cf.
1922 1943 1980 1989 C.
1998 1943 2189 1996 Brandt,

471 2054 516 2092 p.
551 2037 621 2083 14.

337 2229 408 2274 51.
471 2229 566 2274 Pro
597 2230 754 2274 vada
785 2244 894 2274 cum
928 2229 1024 2274 DV
1056 2239 1211 2283 vaga
1240 2230 1492 2283 legendum
1526 2238 1609 2274 est.

336 2406 407 2452 55.
425 2407 496 2453 56.
529 2407 674 2461 „Non
706 2409 811 2460 hoc,
845 2407 1012 2459 Roma,
1043 2407 1111 2452 fui
1143 2415 1270 2452 tanto
1301 2407 1385 2452 tibi
1417 2407 1522 2452 cive
1553 2407 1806 2459 verenda'',

587 2502 704 2548 dixit
735 2511 810 2555 „et
839 2502 1037 2547 adsiduo
1068 2502 1223 2555 lingua
1253 2502 1434 2555 sepulta
1465 2502 1640 2554 mero'’‚

469 2597 545 2644 Sic
590 2599 731 2652 vulgo
777 2597 956 2650 editur;
1004 2606 1050 2642 et
1097 2597 1343 2642 Schulzius
1376 2594 1542 2654 (Rom.
1577 2596 1704 2650 Eleg.
1737 2611 1782 2649 p.
1814 2595 1928 2654 230)
1959 2596 2184 2649 explicat:

469 2702 637 2746 „unter
674 2694 760 2739 der
792 2693 1060 2746 Regierung
1091 2694 1175 2738 des
1206 2693 1448 2746 Augustus
1480 2690 1597 2749 (hoc
1628 2700 1755 2736 tanto
1769 2689 1899 2750 cive)
1917 2692 2185 2737 brauchtest

467 2789 546 2841 du,
557 2788 723 2841 Roma,
731 2789 872 2834 keine
883 2788 1063 2833 Furcht
1075 2802 1164 2833 vor
1180 2788 1270 2832 mir
1286 2803 1348 2833 zu
1362 2787 1531 2840 haben,
1548 2788 1672 2832 noch
1689 2802 1777 2832 vor
1793 2788 1902 2832 dem
1916 2787 2183 2832 trunkenen

467 2885 750 2929 Antonius'’.
778 2884 888 2929 Hoc
904 2893 1061 2928 tamen
1078 2883 1217 2928 etiam
1235 2883 1283 2927 in
1300 2892 1394 2928 tam
1411 2882 1576 2928 audaci
1588 2891 1739 2935 poeta,
1753 2897 1894 2935 quam
1912 2881 2183 2936 Propertius

467 2988 550 3031 est,
580 2979 719 3024 nimis
749 2979 903 3024 audax
934 2978 1122 3023 videtur
1152 2979 1247 3023 lin
1265 2988 1338 3032 gu
1355 2994 1382 3023 a
1412 2979 1478 3023 sic
1509 2979 1637 3024 nude
1668 2978 1870 3031 positum
1902 2977 1963 3022 de
1985 2976 2183 3022 Antonii

466 3075 622 3128 lingua
651 3071 935 3131 adhiberi2).
968 3073 1285 3118 Phillimorius
1316 3074 1407 3118 alio
1438 3075 1581 3119 modo
1601 3072 1897 3126 interpungin
1920 3086 2076 3126 neque
2091 3072 2182 3117 hoc

463 3180 620 3215 tamen
653 3170 825 3214 bonam
858 3169 1052 3221 praebet
1068 3169 1360 3221 sententiam,
1378 3177 1428 3214 ut
1445 3184 1504 3214 ex
1519 3169 1731 3214 eiusdem
1749 3167 1968 3213 versione
1980 3166 2181 3220 Anglica

466 3264 702 3309 videmus:

382 3364 410 3409 ¹)
463 3368 720 3402 Rothateiniua
745 3367 838 3401 falso
864 3367 1099 3408 interpungit.

379 3424 410 3469 ²)
460 3427 497 3461 Si
536 3429 626 3461 haec
662 3433 809 3466 poetam
831 3426 955 3460 dicere
988 3426 1152 3461 voluisse
1179 3426 1312 3466 credin,
1346 3432 1508 3466 praestat
1533 3436 1616 3459 cum
1651 3421 1866 3459 Passer-tio
1892 3423 2078 3458 scriberet
2110 3433 2178 3457 neo

331 3487 435 3521 ducis
461 3487 615 3521 adsiduo
642 3486 763 3527 lingua
790 3485 932 3525 sepulta
958 3495 1073 3519 mero.
