2566 3886
361 388 403 433 7.

327 1336 396 1381 11.

326 1904 395 1950 15.

1121 260 1388 306 —331—

464 390 656 434 eosdem
687 390 848 435 habuit
879 405 1053 443 secum,
1085 390 1256 444 quibus
1287 400 1357 436 est
1387 391 1506 436 elata
1535 391 1726 444 capillis.

462 484 743 537 capillis
774 484 906 538 NF;
939 485 1233 538 capillos
1264 486 1389 531 DV.

461 578 677 632 Utraque
707 579 844 624 lectio
876 579 999 624 bene
1029 580 1194 633 habet;
1226 581 1310 625 sed
1341 581 1607 634 capillos
1644 581 1860 634 praefero
1891 595 1999 626 cum
2033 580 2178 625 Baeh-

461 673 618 718 rensio
650 673 931 734 Housmano
961 671 1105 732 (JPh.
1137 674 1273 727 XXI,
1304 690 1349 728 p.
1383 673 1495 733 178)
1526 675 1772 729 Postgatio.
1806 675 1889 720 Est
1917 675 2044 720 enim
2073 690 2177 720 mos

462 768 694 821 Propertii
736 768 784 813 in
825 770 968 813 altera
998 778 1129 822 parte
1161 784 1324 815 versus
1355 770 1697 815 substantivum
1729 786 1921 825 ponere,
1954 771 2001 816 in
2033 771 2177 816 altera

460 872 591 915 parte
633 863 931 916 adiectivum,
974 864 1102 917 quod
1134 864 1193 908 ad
1224 864 1272 909 id
1304 865 1645 910 substantivum
1677 865 1903 918 pertinen
1935 874 2177 919 praeterea

459 957 675 1003 librarius
705 973 731 1002 c
748 972 775 1002 a
790 973 821 1010 p
838 958 852 1002 i
869 959 883 1002 l
900 958 914 1001 l
931 973 960 1002 o
977 973 998 1002 s
1028 958 1177 1011 facile,
1197 974 1305 1004 cum
1322 958 1551 1004 ablativus
1582 976 1613 1013 q
1630 975 1661 1005 u
1678 960 1692 1004 i
1709 960 1740 1004 b
1757 976 1787 1005 u
1805 975 1826 1005 s
1858 961 2175 1013 praecederet,

460 1052 508 1096 in
534 1067 560 1096 c
576 1067 649 1105 ap
665 1052 679 1096 i
696 1052 710 1096 l
727 1053 742 1096 l
759 1052 773 1096 i
790 1067 812 1097 s
842 1052 1075 1106 corrigere
1110 1054 1271 1106 potuit.
1305 1053 1416 1099 Hoc
1446 1055 1551 1100 loco
1583 1055 1630 1100 D
1646 1055 1695 1099 V
1727 1070 1894 1100 verum
1926 1064 2174 1100 servarunt

460 1162 572 1200 prae
604 1147 932 1201 Neapolitano.

458 1336 767 1390 spirantisque
798 1337 977 1383 animos
1009 1347 1055 1383 et
1085 1354 1253 1384 vocem
1286 1339 1428 1384 misit:
1461 1348 1506 1384 at
1538 1339 1601 1384 illi

510 1432 755 1485 pollicibus
785 1433 966 1486 fragiles
996 1434 1274 1487 increpuere
1306 1449 1486 1479 manus.

458 1527 770 1572 Baehrensius
815 1543 901 1580 pro
932 1538 988 1573 at
1019 1544 1127 1574 cum
1161 1529 1364 1574 Heinsio
1395 1538 1452 1573 et
1483 1529 1608 1583 legit3
1642 1545 1796 1584 neque
1827 1539 1983 1575 tamen
2015 1538 2171 1574 recte:

457 1621 659 1666 viventis
689 1622 881 1676 quidem
913 1638 1081 1668 vocem
1114 1624 1250 1676 misit,
1282 1625 1388 1669 sed
1421 1639 1586 1669 manus
1618 1624 1718 1669 eius
1749 1639 1844 1668 non
1876 1624 1968 1669 iam
1999 1624 2170 1669 fortem

457 1715 659 1760 sonitum
690 1717 891 1762 reddere
922 1726 1148 1770 poterant.

456 1905 611 1951 iamne
642 1906 724 1951 tibi
756 1906 1027 1952 exciderant
1056 1907 1261 1961 vigilacis
1292 1908 1413 1953 furta
1437 1908 1649 1954 Suburae

457 2000 552 2046 Pro
597 2001 660 2046 fu
677 2010 789 2054 rta,
835 2017 956 2056 quae
1001 2011 1071 2047 est
1116 2003 1291 2055 optima
1335 2003 1473 2048 lectio
1511 2003 1825 2057 Neapolitani,
1857 2004 2170 2050 Baehrensius

456 2095 731 2141 incredibile
762 2096 888 2142 dictu
920 2098 1097 2150 recepit
1127 2106 1187 2143 te
1203 2113 1229 2143 c
1246 2107 1263 2143 t
1279 2113 1319 2151 a,
1351 2107 1402 2144 ut
1434 2098 1480 2144 O
1512 2099 1683 2152 legunt.

456 2190 711 2243 Quomodo
758 2192 922 2237 vitiosa
952 2193 1090 2238 lectio
1121 2192 1167 2239 O
1199 2194 1452 2247 irrepserit,
1483 2195 1659 2248 optime
1690 2196 1828 2240 docet
1861 2195 2168 2240 Housmanus

455 2282 600 2342 (JPh.
631 2286 768 2339 XXI,
800 2302 844 2340 p.
879 2285 1004 2346 133).

457 2380 704 2427 Praeterea
734 2397 842 2427 cum
874 2381 1105 2437 Scaligero
1136 2398 1223 2436 pro
1269 2399 1296 2428 e
1312 2400 1343 2429 x
1359 2399 1385 2429 c
1402 2384 1416 2428 i
1434 2385 1465 2428 d
1482 2399 1509 2429 e
1525 2400 1550 2429 r
1565 2399 1592 2429 a
1608 2400 1639 2429 n
1656 2393 1674 2430 t
1710 2385 1971 2439 perfectum
2003 2399 2031 2429 e
2046 2400 2077 2430 x
2094 2399 2120 2429 c
2136 2384 2168 2429 i-

455 2475 486 2520 d
500 2474 528 2520 5
541 2491 565 2520 r
577 2491 608 2520 u
622 2484 673 2520 nt
702 2476 1041 2522 restituendum
1059 2486 1141 2530 est,
1158 2477 1379 2532 quoniam
1402 2479 1910 2532 plusquamperfectum
1926 2494 2168 2533 nunquam

454 2570 649 2623 perfecti
680 2571 785 2616 loco
815 2571 1040 2617 adhibere
1071 2572 1192 2618 licet.

1263 2690 1335 2730 2⁴11*

325 2762 395 2808 19.
426 2762 498 2808 20.
558 2778 697 2816 saepe
728 2764 895 2810 Venus
925 2765 1064 2810 trivio
1095 2766 1344 2812 commissa
1372 2776 1455 2820 est,
1487 2777 1677 2822 pectore
1708 2768 1854 2814 mixto

606 2859 817 2903 iecerunt
846 2859 1026 2911 tepidas
1057 2860 1195 2912 pallia
1224 2870 1382 2906 nostra
1411 2862 1510 2906 vias

457 2951 662 2997 Pallia
702 2952 780 3005 N;
823 2962 1080 3005 pectora
1116 2955 1275 2999 ceteri.

459 3045 569 3091 Hoc
614 3047 719 3092 loco
764 3062 919 3101 neque
957 3047 1006 3092 N
1054 3064 1208 3102 neque
1255 3051 1398 3095 ceteri
1429 3051 1616 3096 codices
1647 3067 1814 3097 verum
1845 3061 2168 3097 servaverunt.

458 3140 766 3194 Rossbergius
802 3157 830 3187 a
866 3142 1065 3187 lectione
1103 3143 1149 3188 O
1186 3145 1421 3196 proiectus
1467 3160 1498 3198 p
1513 3161 1541 3191 e
1557 3161 1584 3191 c
1600 3155 1617 3190 t
1633 3161 1662 3191 o
1678 3162 1703 3191 r
1718 3161 1745 3191 a
1789 3146 1838 3191 in
1881 3161 1907 3191 c
1924 3162 1953 3192 o
1969 3162 1994 3191 r
2009 3161 2040 3199 p
2056 3162 2085 3192 o
2101 3163 2126 3192 r
2141 3162 2169 3192 a

458 3243 638 3280 mutare
669 3236 794 3288 vult;
826 3245 988 3281 contra
1020 3237 1372 3284 Luetiohannus
1399 3237 1695 3297 (Comment.
1724 3241 1864 3293 Prop.
1888 3257 1932 3294 p.
1956 3241 2013 3286 55
2033 3239 2168 3300 adn.)

459 3328 823 3383 Neapolitanum
854 3331 1046 3384 vestigia
1076 3332 1178 3376 veri
1208 3333 1383 3385 optime
1414 3348 1625 3379 servasse
1655 3344 1781 3380 ratus
1826 3351 1913 3389 pro
1958 3352 1989 3390 p
2005 3336 2168 3381 allia

458 3438 566 3469 cum
597 3424 833 3470 seminarii
865 3425 1127 3479 philologici
1152 3426 1432 3473 Kiloniensis
1463 3429 1623 3474 sodale
1653 3429 1760 3483 legit
1797 3445 1828 3483 p
1844 3445 1869 3475 r
1884 3445 1913 3476 o
1929 3431 1987 3475 el
2004 3431 2019 3476 i
2035 3446 2075 3484 a,
2107 3432 2166 3476 ad
