2566 3886
410 1160 450 1204 7.
469 1159 510 1205 8.

410 1639 478 1684 ll.

415 2212 483 2258 13.

1201 267 1469 313 -102-

539 398 581 443 9.
597 398 687 453 46),
699 414 788 444 nec
800 399 998 452 amplius
1014 399 1204 444 laudare
1221 398 1425 451 puellam
1442 398 1551 443 licet
1566 406 1731 452 poetae
1749 413 1838 444 nec
1860 399 2091 453 querellas
2114 398 2257 444 conti-

543 508 703 539 nuare.
724 493 848 547 Ergo
865 508 925 538 ne
943 508 1096 538 novus
1113 493 1379 538 amoriuxta
1387 502 1600 546 ponatur,
1609 493 1983 546 interponiturea
1991 494 2258 548 digressio’'.

541 693 586 729 et
618 699 837 737 campum
871 684 1142 729 Haemonio
1173 683 1265 728 iam
1298 684 1410 728 dare
1438 691 1623 737 tempus
1656 698 1806 736 equo;

542 794 827 833 quamquam
860 779 1047 824 Vahlen
1080 787 1127 824 et
1159 779 1407 824 Rothstein
1434 778 1550 823 nihil
1568 787 1761 831 mutant,
1778 788 1935 825 tamen
1951 780 2147 825 credere
2164 795 2259 825 non

542 890 732 927 possum
767 875 1081 920 Haemonio
1112 890 1163 920 se
1194 883 1321 919 recte
1354 875 1542 920 habere.
1576 875 1770 920 Merum
1803 874 2043 928 epitheton
2089 889 2261 920 ornans

542 986 638 1015 non
656 979 807 1023 potest
824 971 1159 1023 esse3fortasse
1191 979 1347 1015 autem
1379 985 1488 1015 cum
1522 970 1725 1016 Heinsio
1756 970 1963 1016 Aonio
1994 970 2259 1024 legendum.

545 1161 655 1206 Hoc
699 1160 931 1205 distichon
973 1160 1083 1205 hinc
1126 1160 1330 1205 alienum
1364 1160 1492 1204 ducit
1523 1159 1761 1213 Postgate3
1802 1160 1901 1205 Birt
1932 1158 2052 1217 (Das
2082 1159 2261 1205 Antike

543 1257 837 1301 Buchwesen
870 1272 913 1309 p.
947 1255 1053 1312 417)
1086 1271 1167 1301 eos
1198 1264 1303 1308 post
1333 1255 1391 1300 20
1422 1264 1728 1309 transponere
1760 1257 1873 1301 vult.

544 1352 590 1397 Is
622 1367 698 1396 me
730 1352 922 1406 quidem
954 1351 1110 1397 iudice
1141 1352 1264 1397 bene
1295 1352 1518 1396 refutatus
1551 1360 1619 1396 est
1635 1352 1694 1396 ab
1711 1353 1880 1398 eodem
1898 1351 2262 1397 Fleischmanno

545 1446 626 1504 (Q.
647 1447 698 1492 P.
732 1447 768 1491 Ι.
801 1462 846 1500 p.
879 1445 971 1503 33),
1004 1447 1078 1492 cui
1111 1456 1196 1501 ego
1227 1446 1428 1492 libenter
1459 1447 1729 1500 adstipulor.

543 1639 639 1684 Hic
671 1653 840 1683 versus
872 1638 1276 1692 interpungendus
1313 1646 1409 1683 est:

696 1742 847 1787 surge,
879 1732 1049 1785 anime,
1082 1748 1142 1778 ex
1173 1733 1338 1778 humili
1370 1733 1462 1778 iam
1495 1733 1730 1786 carmine;
1762 1733 1930 1779 sumite
1962 1733 2102 1787 vires,

815 1828 1040 1881 Pierides,
1073 1829 1227 1882 magni
1260 1844 1387 1874 nunc
1418 1829 1507 1874 erit
1538 1829 1632 1874 oris
1664 1844 1797 1882 opus.
1825 1883 1830 1888 x

544 1926 794 1970 Praeterea
836 1939 945 1969 cum
991 1923 1194 1969 Heinsio
1237 1923 1439 1969 anime
1476 1939 1563 1976 pro
1594 1924 1794 1970 anima
1824 1924 2019 1977 restitui,
2057 1925 2116 1969 cf.
2148 1924 2263 1978 opti-

545 2036 669 2066 mam
703 2020 962 2067 Burmanni
994 2020 1359 2073 adnotationem,
1391 2036 1436 2073 p.
1469 2019 1571 2065 281.

546 2213 638 2257 iam
670 2220 806 2265 negat
839 2211 1102 2265 Euphrates
1133 2211 1339 2264 equitem
1371 2220 1476 2264 post
1507 2220 1634 2265 terga
1665 2212 1784 2257 tueri

697 2307 978 2352 Parthorum
1010 2316 1057 2352 et
1088 2306 1285 2351 Crassos
1317 2321 1367 2351 se
1397 2306 1603 2351 tenuisse
1634 2307 1774 2352 dolet,

546 2402 754 2448 Versum
801 2401 856 2446 13
899 2402 1011 2447 olim
1056 2402 1122 2446 sie
1163 2401 1588 2455 interpretabantur
1630 2401 1720 2447 viri
1772 2402 1924 2447 docti:
1970 2402 2264 2456 „Euphrates

547 2507 683 2552 negat
713 2498 920 2553 equitem
954 2498 1236 2542 Parthorum
1269 2497 1505 2551 respicere
1537 2512 1591 2541 ac
1623 2496 1761 2541 simul
1793 2496 1974 2550 sagittas
2001 2497 2049 2542 in
2086 2505 2264 2543 temere

543 2594 773 2648 fugientes
815 2593 1028 2637 mittere'’
1068 2591 1268 2648 (Barth).
1307 2592 1461 2645 Magis
1492 2600 1649 2637 tamen
1681 2592 1833 2644 placet
1865 2591 2145 2637 Rothsteinii
2187 2608 2264 2638 ex-

548 2688 758 2743 plicatio:
786 2703 956 2740 „wenn
988 2685 1093 2745 (die
1126 2687 1345 2743 Parther)
1377 2687 1454 2732 bei
1485 2687 1622 2732 ihren
1656 2687 1888 2732 Einffillen
1920 2687 1968 2731 in
2006 2687 2264 2733 romisches

552 2783 727 2829 Gebiet
773 2783 821 2828 in
842 2783 982 2828 ‘ihrer
1012 2783 1079 2828 oft
1110 2782 1484 2828 beschriebenen
1518 2781 1885 2835 Kampfesweise
1929 2783 1995 2827 als
2033 2782 2263 2828 berittene

546 2879 935 2933 Bogenschiitzen
982 2878 1082 2923 sich
1128 2893 1216 2922 vor
1262 2878 1372 2922 dem
1429 2876 1696 2922 romischen
1745 2877 1994 2929 Fussvolk,
2053 2878 2136 2922 das
2194 2877 2262 2923 sie

544 2974 826 3028 angegriffen
858 2974 997 3025 hatte,
1029 2972 1282 3018 fliichteten
1315 2973 1413 3017 und
1445 2987 1495 3017 es
1526 2972 1671 3017 ihnen
1702 2973 1864 3026 gelang
1895 2971 1994 3018 sich
2020 2971 2140 3017 iiber
2167 2972 2261 3017 den

547 3071 684 3116 Fluss
716 3086 778 3115 zu
810 3078 976 3121 retten,
1008 3084 1060 3114 so
1092 3070 1171 3114 hat
1202 3084 1254 3113 er
1285 3069 1430 3114 ihnen
1464 3068 1571 3113 eine
1596 3067 2025 3122 Riickendekkung
2047 3067 2262 3122 geboten,

545 3166 705 3211 indem
737 3180 790 3210 er
821 3164 898 3210 die
931 3164 1222 3218 Verfolgung
1252 3164 1339 3209 der
1372 3164 1551 3209 Romer
1583 3164 1913 3208 erschwerte”.

546 3259 794 3314 Negare
844 3274 953 3304 cum
998 3258 1230 3304 infinitivo
1277 3258 1534 3312 praesentis
1582 3258 1689 3303 satis
1735 3266 1925 3304 tuentur
1972 3258 2061 3304 loci
2100 3258 2260 3312 quales

548 3355 611 3407 11,
643 3354 715 3399 22.
748 3354 806 3399 46
820 3369 828 3398 :

815 3449 1020 3506 speranti
1052 3449 1206 3497 subito
1237 3448 1275 3494 si
1307 3463 1401 3505 qua
1430 3448 1595 3494 venire
1627 3456 1762 3503 negat
1793 3456 1880 3494 etc.
