2566 3886
1130 263 1396 309 —135—

740 403 1038 448 maestusque
1068 395 1273 449 Phrygio
1305 404 1461 440 manat
1491 395 1539 440 in
1571 394 1731 448 Sipylo
1762 394 1892 448 lapis.

471 489 599 536 Cum
657 498 812 535 autem
873 489 1080 535 Niobe
1295 490 1569 543 superbe
1628 489 1847 534 traditum
1906 488 1977 540 sit,
2035 496 2183 534 totum

472 584 702 630 distichon
765 584 831 629 sic
877 584 1061 629 scribit:

623 694 711 724 nec
742 687 921 724 tantum
954 679 1142 724 Niobae
1173 679 1244 724 bis
1275 694 1357 724 sex
1387 680 1447 724 ad
1479 678 1615 724 busta
1644 678 1876 731 superbae

741 774 937 819 sollicito
968 773 1214 818 lacrimans
1246 773 1407 818 defluit
1438 788 1467 818 o
1483 788 1505 819 s
1536 772 1711 827 Sipylo,

471 870 600 922 quod
648 869 905 923 Postgatius
942 884 1133 922 quoque
1163 868 1323 913 edidit.
1357 868 1493 914 Haec
1524 877 1680 914 tamen
1713 884 1879 913 versus
1910 869 2060 914 forma
2090 882 2185 912 non

471 963 579 1008 satis
610 964 795 1017 elegans
826 972 920 1016 est;
953 963 1173 1017 equidem
1206 964 1413 1008 scribere
1445 963 1615 1008 velim:

623 1073 711 1104 nec
742 1067 920 1104 tantum
953 1058 1113 1104 Niobe
1144 1058 1215 1104 bis
1247 1073 1329 1104 sex
1359 1059 1419 1103 ad
1450 1058 1586 1103 busta
1615 1059 1818 1112 superba

742 1154 939 1200 sollicito
969 1155 1216 1200 lacrimans
1247 1155 1410 1200 defluit
1440 1154 1494 1199 in
1528 1153 1702 1208 Sipylo.

472 1249 761 1302 Praepositio
807 1249 839 1294 d
857 1265 886 1294 e
931 1249 1066 1294 verbi
1098 1250 1335 1295 defluendi
1368 1250 1516 1295 movit
1547 1249 1803 1302 librarium,
1851 1258 1901 1294 ut
1947 1250 2015 1294 in
2062 1249 2110 1294 in
2159 1265 2187 1294 a

474 1353 687 1390 mutaret.

342 1534 412 1580 15.
474 1535 567 1580 Pro
623 1535 910 1588 parentis
960 1551 1068 1580 cum
1126 1536 1370 1581 Hoeufftio
1422 1535 1672 1589 legendum
1725 1543 2099 1587 estpaterna,
2138 1542 2189 1578 ut

474 1630 816 1685 Hertzbergius
848 1646 1039 1685 quoque
1070 1631 1232 1677 voluit.

340 1822 530 1867 21-24.
547 1822 729 1867 Versus
746 1821 802 1867 23
834 1831 881 1866 et
913 1822 971 1867 24
1010 1838 1037 1867 a
1068 1822 1314 1875 Propertio
1346 1822 1580 1875 profectos
1613 1836 1715 1866 esse
1747 1819 2022 1865 incredibile
2056 1819 2186 1865 ducit

472 1917 663 1963 Keilius.
677 1915 717 1975 ¹)
741 1917 946 1970 „Neque
978 1918 1119 1970 enim,
1151 1918 1315 1970 inquit,
1355 1931 1711 1969 nonnunquam,
1744 1916 1827 1960 sed
1858 1929 2059 1967 semper,
2097 1914 2181 1959 sed

472 2027 714 2066 nunquam
762 2028 856 2058 non
904 2021 1145 2065 receptum
1190 2028 1240 2057 se
1283 2027 1386 2058 esse
1430 2012 1589 2057 dicere
1635 2010 1851 2063 debebat,
1898 2010 1936 2055 si
1982 2009 2187 2062 apertius

473 2108 673 2160 volebat,
706 2109 834 2161 quod
867 2107 974 2154 satis
1005 2108 1309 2162 significatum
1342 2116 1454 2160 erat,
1487 2106 1800 2152 describere”.

474 2203 786 2249 Baehrensius
817 2219 926 2249 cum
959 2204 1174 2249 versibus
1205 2219 1232 2249 a
1263 2203 1414 2249 Keilio
1445 2203 1610 2248 deletis
1641 2202 1779 2247 etiam
1812 2201 1883 2246 21.
1916 2200 1973 2246 22
2005 2200 2189 2245 uncinis

473 2299 683 2351 inclusit3
714 2307 761 2344 et
791 2301 881 2344 hoc
913 2308 1039 2344 certe
1071 2299 1185 2344 mihi
1217 2307 1409 2351 constat,
1440 2299 1478 2343 si
1500 2297 1675 2343 23—24
1697 2296 1898 2342 eiciendi
1920 2296 2024 2348 sint,
2046 2295 2185 2340 etiam

473 2394 544 2439 21.
577 2394 634 2439 22
666 2395 893 2439 delendos
924 2408 1040 2438 esse.

473 2490 677 2535 Jacobus
720 2497 850 2542 putat
892 2504 1011 2534 non
1053 2503 1336 2541 unquam,
1379 2488 1507 2541 quod
1545 2496 1615 2532 est
1652 2487 1700 2532 in
1739 2486 1958 2532 omnibus
2001 2494 2187 2539 praeter

475 2583 664 2637 Fvo¹o⁸,
698 2600 858 2629 veram
877 2585 1125 2629 lectionem
1143 2599 1265 2637 esse;
1287 2584 1521 2629 Hartman
1539 2598 1730 2637 quoque
1762 2599 1793 2628 n
1809 2598 1883 2628 on
1916 2597 2184 2635 unquam

474 2695 640 2725 verum
679 2680 808 2724 ducit
843 2695 1043 2732 eamque
1080 2679 1142 2724 ob
1180 2694 1366 2724 causam
1405 2678 1581 2723 21-24
1618 2694 1645 2723 a
1683 2687 1843 2723 nostro
1874 2679 1978 2722 loco
2010 2677 2186 2722 alienos

473 2790 576 2820 esse
606 2775 768 2820 credit.

475 2869 590 2915 Otto
613 2868 903 2928 (Versumst.
926 2870 962 2922 Ι,
985 2885 1029 2922 p.
1055 2867 1136 2927 13)
1155 2878 1311 2915 tamen
1327 2878 1455 2914 recte
1471 2869 1690 2914 observat
1706 2868 1743 2912 si
1761 2867 1832 2913 23.
1850 2867 1907 2912 24
1927 2869 2184 2919 deleantur,

475 2965 614 3009 etiam
651 2979 816 3009 versus
853 2964 925 3009 21.
957 2965 1014 3009 22
1050 2965 1366 3009 removendos
1397 2979 1514 3016 esse,
1546 2964 1655 3016 quia
1686 2971 1812 3007 arcte
1843 2963 1959 3006 haec
1990 2961 2187 3006 disticha

476 3059 598 3104 inter
613 3074 663 3104 se
679 3060 972 3104 cohaereant.
1005 3059 1194 3104 Deinde
1225 3059 1468 3104 verissime
1500 3058 1651 3103 addit:
1684 3057 1826 3110 „aber
1851 3057 1979 3101 nicht
2000 3056 2187 3101 minder

474 3154 565 3199 fest
594 3154 651 3198 ist
682 3154 758 3198 die
791 3154 1154 3207 Zugehorigkeit
1183 3170 1245 3198 zu
1267 3153 1329 3198 V.
1362 3152 1432 3197 25.
1465 3153 1536 3205 26,
1568 3153 1666 3197 und
1698 3153 1799 3196 dies
1830 3151 1967 3196 allein
2002 3155 2184 3204 geniigt,

475 3264 555 3293 um
586 3249 726 3303 ieden
758 3248 1284 3302 Umstellungsversuch
1315 3264 1377 3292 zu
1397 3247 1699 3292 vereitelen”.
1721 3246 1865 3298 Quod
1887 3260 1996 3290 cum
2020 3245 2184 3290 Ottoni

392 3448 423 3498 ¹)
472 3451 765 3489 observatione·
791 3452 955 3495 criticae,
983 3450 1073 3486 184³
1100 3462 1132 3495 p.
1160 3450 1215 3488 53.
