2566 3886
352 529 423 575 28.

350 855 422 902 28.

1147 287 1205 296 -
1235 261 1321 309 277
1354 287 1412 294 -

484 393 618 439 cuius
634 394 785 448 prima
797 394 948 439 littera
954 394 1268 448 praecedente
1284 393 1334 438 ic
1350 394 1514 438 hausta
1521 401 1591 438 est
1598 390 1822 450 (Praetat.
1831 389 2198 449 p.XXXVIII).

485 529 706 575 Studia
866 529 1182 582 Platonis3
1219 529 1335 574 nihil
1367 529 1644 575 mutandum
1676 537 1759 580 est,
1793 528 2053 573 dummodo
2090 543 2198 573 cum

485 625 801 679 Hertzbergio
844 634 1108 670 vertamus:
1153 624 1347 677 ‚,studia,
1393 624 1610 678 qualibus
1657 624 1789 669 Plato
1835 623 2074 675 vacabat”,
2120 631 2199 669 aut

482 734 591 765 cum
623 718 843 765 Schulzio
873 717 929 777 (1.
960 734 1102 772 supra
1131 716 1369 777 laudato):
1402 719 1509 771 „die
1541 719 1698 764 Lehre
1730 720 1813 764 des
1846 719 2055 764 Platon”.

483 855 809 910 librorumque
839 864 958 908 tuos,
990 856 1128 901 docte
1160 854 1460 922 Menandre,⁸
1476 855 1594 900 sales

484 951 571 997 tria
615 960 736 1004 sunt,
782 966 904 1005 quae
948 951 1130 1003 iaciant,
1176 959 1227 996 ut
1272 950 1487 996 dubitare
1533 959 1768 1004 cogamur,
1812 965 1870 995 an
1913 950 2198 996 vocabulum

485 1046 921 1101 librorumque
964 1054 1237 1100 corruptum
1269 1046 1352 1091 sit:
1391 1045 1596 1098 primum
1629 1045 1729 1090 talis
1772 1045 2005 1099 enallage:
2049 1054 2114 1091 tu
2131 1061 2160 1091 o
2177 1061 2199 1091 s

486 1142 648 1188 sales
691 1141 998 1187 librorum
1040 1156 1272 1194 nusquam
1313 1141 1498 1194 legitur3
1542 1141 1716 1186 deinde
1754 1156 1849 1186 vox
1892 1140 2207 1186 librorum.

485 1238 606 1283 male
636 1237 842 1283 abundat
856 1251 867 1289 ;
899 1236 1086 1282 tertium
1130 1251 1161 1290 p
1173 1250 1200 1281 e
1215 1250 1240 1280 r
1253 1250 1274 1281 s
1287 1250 1315 1280 e
1331 1250 1362 1289 q
1375 1236 1436 1281 ui
1483 1251 1504 1281 s
1517 1251 1544 1281 a
1557 1236 1572 1281 1
1585 1251 1612 1281 e
1625 1251 1647 1281 s
1689 1236 1856 1282 Latine
1887 1252 1983 1282 non
2014 1237 2198 1282 dicitur.

486 1333 704 1379 Fortasse
734 1347 843 1378 cum
875 1331 1142 1385 Suringario
1176 1331 1505 1385 corrigendum
1537 1339 1631 1376 est:
1675 1331 1762 1376 lib
1776 1332 1846 1377 ab
1863 1347 1937 1385 oq
1951 1348 1983 1378 u
1997 1347 2037 1385 e,
2069 1333 2198 1386 quod

486 1429 540 1474 L.
573 1429 837 1475 Muellerus
868 1437 914 1473 et
946 1427 1238 1473 Hartmanus
1269 1441 1437 1472 verum
1470 1426 1662 1472 ducunt.

485 1549 515 1593 d
527 1563 557 1593 o
570 1562 596 1593 c
610 1555 627 1592 t
640 1562 667 1593 e
700 1547 756 1593 M
771 1562 798 1593 e
811 1562 842 1592 n
857 1562 884 1592 a
897 1562 928 1592 n
940 1548 971 1592 d
985 1562 1013 1592 e
1026 1562 1051 1592 r
1081 1546 1141 1592 de
1173 1554 1312 1599 poeta
1342 1545 1524 1591 comico
1556 1560 1651 1591 non
1669 1554 1774 1599 apte
1798 1545 1982 1598 dicitur,
1999 1554 2050 1592 ut
2066 1546 2200 1592 multi

484 1644 765 1689 concedunt.

485 1738 697 1784 Maxime
728 1738 879 1791 placet
910 1737 1134 1783 Muelleri
1166 1737 1438 1782 inventum:
1485 1751 1506 1782 s
1523 1751 1549 1781 c
1566 1736 1581 1781 i
1597 1745 1615 1781 t
1631 1751 1671 1782 e.
1719 1737 1766 1782 D
1783 1751 1812 1782 o
1829 1752 1855 1782 c
1871 1745 1888 1782 t
1905 1752 1932 1782 e
1978 1737 2092 1783 mihi
2140 1753 2200 1783 ex

484 1849 625 1880 versu
656 1833 714 1879 26
745 1834 986 1886 irrepsisse
1017 1833 1218 1878 videtur.

1046 2169 1301 2218 ELEGIA
1330 2170 1494 2216 XXII.

485 2301 674 2356 Frigida
703 2310 797 2346 tam
830 2302 1000 2347 multos
1031 2301 1204 2355 placuit
1234 2302 1317 2347 tibi
1349 2301 1559 2355 Cyzicus
1590 2319 1752 2356 annos,

562 2397 715 2450 Tulle,
748 2397 1059 2451 Propontiaca
1089 2412 1210 2450 quae
1242 2398 1342 2443 fluit
1372 2398 1567 2444 isthmos
1598 2414 1733 2453 aqua,

484 2492 755 2546 Dindymus
786 2501 833 2538 et
866 2505 905 2547 -1-
940 2507 1071 2538 sacra
1100 2493 1325 2539 fabricata
1355 2493 1548 2539 inventa
1581 2507 1619 2546 -1-
1647 2494 1864 2548 Cybelle,

561 2587 854 2642 raptorisque
884 2587 988 2633 tulit
1018 2603 1112 2641 qua
1142 2588 1219 2634 via
1251 2589 1373 2635 Ditis
1404 2604 1552 2643 equos
1565 2588 1592 2635 P

483 2684 538 2729 In
571 2698 762 2729 versum
794 2684 1055 2728 secundum
1088 2684 1429 2737 ineptissimum
1461 2685 1647 2739 irrepsit
1678 2686 1919 2738 mendum,
1936 2687 2051 2739 quid
2068 2687 2194 2732 enim

482 2779 573 2824 hoc
603 2787 698 2824 est:
729 2778 924 2824 isthmos
954 2778 1054 2824 fluit
1084 2778 1245 2832 aqua?
1277 2779 1554 2825 Fonteinius
1584 2781 1850 2834 proposuit:
1882 2797 1999 2834 qua
2040 2782 2196 2827 furit

482 2882 691 2919 aestus
735 2888 912 2927 aqua3
957 2873 1124 2919 melius
1167 2889 1275 2920 cum
1308 2875 1595 2921 Baehrensio
1626 2876 1851 2930 corrigas:
1884 2877 2195 2929 Propontiaca

482 2983 600 3021 qua
640 2968 854 3013 fremit
883 2968 1078 3014 isthmos
1108 2983 1243 3023 aqua.

482 3061 694 3115 Sequens
724 3078 889 3109 versus
920 3063 983 3109 ita
1012 3072 1260 3117 corruptus
1291 3073 1374 3117 est,
1406 3073 1471 3118 ut,
1502 3065 1617 3118 quid
1649 3065 1922 3118 Propertius
1954 3065 2053 3118 ipse
2085 3066 2194 3111 scri-

482 3157 639 3210 pserit,
671 3172 767 3203 non
799 3158 890 3203 iam
922 3173 1009 3211 pro
1040 3167 1169 3204 certo
1200 3159 1293 3205 dici
1324 3159 1481 3212 possit.
1514 3159 1700 3205 Collato
1731 3159 1880 3205 Strab.
1913 3159 2024 3212 XII,
2042 3174 2086 3212 p.
2105 3159 2192 3205 575

484 3250 746 3308 ,,Δίνδυμον
777 3285 788 3296 .
807 3285 818 3296 .
837 3285 847 3296 .
866 3285 877 3297 .
910 3253 1036 3310 ἱερὸν
1064 3255 1177 3311 ἔχον
1205 3259 1287 3311 τῆς
1316 3253 1611 3312 Δινδυμήνης
1636 3256 1809 3313 μητρὸς
1842 3254 1990 3310 θεῶν,
2022 3255 2193 3314 ἵδρυμα

481 3351 576 3390 τῶν
597 3344 946 3405 ’Δργοναυτῶν”
978 3356 1024 3393 et
1055 3348 1278 3401 Apollon.
1311 3350 1466 3395 Rhod.
1499 3350 1536 3402 1,
1570 3349 1710 3394 1117:

482 3442 616 3494 ,,ἔσκε
662 3441 714 3485 δέ
755 3457 799 3485 τι
844 3441 1064 3501 στιβαρὸν
1109 3444 1282 3495 στύπος
1326 3443 1537 3501 ἀμπέλου
1582 3445 1813 3502 ἔντροφον
1848 3441 1947 3501 ’ὅλῃ
