2566 3886
1032 862 1506 916 PRAEFATIO.

405 1257 705 1308 Quamquam
746 1254 943 1299 multum
986 1254 1034 1297 in
1080 1252 1327 1305 Propertio
1358 1253 1546 1297 edendo
1577 1252 1856 1304 explicando
1889 1252 2189 1296 emendando

345 1351 632 1396 sudaverunt
677 1349 767 1394 viri
798 1348 937 1399 docti,
968 1347 1049 1392 vix
1080 1362 1228 1392 unum
1259 1355 1446 1400 poetam
1479 1347 1747 1392 Romanum
1780 1347 2025 1392 nominare
2057 1355 2191 1400 potes

345 1446 406 1490 de
451 1459 547 1497 quo
592 1443 738 1488 critici
785 1442 927 1495 magis
971 1441 1092 1486 inter
1137 1456 1187 1486 se
1220 1441 1506 1493 dissentiant,
1538 1442 1586 1487 id
1624 1443 1753 1495 quod
1786 1442 1938 1495 primo
1970 1443 2194 1494 adspectu

344 1540 516 1584 docent
545 1538 773 1583 editiones
805 1537 926 1581 inter
942 1551 992 1581 se
1008 1544 1317 1589 comparatae.
1337 1536 1650 1582 Baehrensius
1668 1546 1714 1581 et
1731 1537 1991 1590 Postgatius
2013 1545 2191 1582 textum

345 1633 747 1686 corruptissimum
791 1631 1015 1676 habentes
1048 1631 1278 1683 permulta
1309 1646 1369 1676 ex
1399 1631 1668 1676 coniectura
1700 1640 2014 1684 mutaverunt,
2048 1632 2188 1684 pluri-

346 1743 539 1781 masque
570 1741 793 1779 recepere
824 1741 1048 1771 versuum
1080 1726 1475 1778 transpositiones,
1508 1726 1754 1771 Vahlenus
1789 1735 1953 1771 contra
1985 1735 2031 1771 et
2051 1726 2194 1771 Roth-

346 1823 538 1868 steinius
568 1821 868 1875 paucissimas
899 1821 1191 1866 coniecturas
1218 1820 1265 1865 in
1282 1829 1410 1865 textu
1428 1830 1699 1873 posuerunt,
1717 1830 1857 1874 atque
1874 1821 2192 1866 Phillimorius

347 1917 484 1962 etiam
530 1916 695 1961 fortius
741 1916 955 1960 traditam
1002 1916 1219 1960 codicum
1266 1915 1586 1960 auctoritatem
1634 1916 1853 1961 vindicat.
1889 1916 1948 1960 Et
1978 1916 2189 1969 proiecto

346 2011 643 2055 verissimum
690 2010 804 2055 illud
850 2009 1126 2054 Phillimorii
1162 2009 1322 2061 „Quot
1353 2010 1569 2062 editores,
1603 2019 1669 2055 tot
1700 2010 1934 2064 Propertii
1951 2009 1992 2055 !’‘
2027 2011 2096 2055 Ita
2127 2010 2190 2062 fit,

346 2114 396 2150 ut
444 2104 862 2158 praestantissimus
907 2104 985 2148 ille
1017 2113 1167 2156 poeta,
1199 2119 1341 2156 quem
1373 2119 1538 2149 omnes
1569 2105 1671 2149 iure
1703 2106 1965 2158 meritoque
1998 2105 2192 2150 summis

346 2201 573 2244 extollunt
603 2199 831 2251 laudibus,
849 2199 992 2252 magis
1023 2213 1164 2251 quam
1195 2198 1271 2242 alii
1303 2199 1552 2251 scriptores
1586 2199 1787 2244 Romani
1820 2216 1992 2245 novam
2022 2200 2193 2253 flagitet

346 2294 622 2346 editionem;
654 2294 858 2347 primum
890 2303 1046 2339 tamen
1078 2308 1197 2346 opus
1220 2303 1288 2339 est
1318 2295 1657 2339 commentario
1688 2294 1863 2346 critico,
1881 2294 1961 2347 qui
1992 2294 2193 2347 singulas

346 2389 640 2442 quaestiones
673 2389 732 2433 ad
764 2397 941 2432 textum
974 2388 1206 2441 Propertii
1238 2389 1523 2441 pertinentes
1555 2398 1784 2441 accurate,
1808 2390 1890 2434 sed
1908 2397 2015 2434 ante
2033 2388 2192 2433 omnia

346 2484 446 2528 sine
492 2484 561 2528 ira
605 2492 651 2528 et
696 2483 849 2527 studio
894 2484 1154 2536 perpendat
1190 2483 1546 2535 examinetque;
1594 2499 1702 2527 nam
1736 2483 2071 2534 Rothsteinius,
2106 2482 2191 2527 etsi

347 2579 491 2623 multa
506 2579 687 2632 collegit
703 2579 762 2623 ad
779 2587 964 2631 poetam
981 2587 1193 2623 nostrum
1212 2578 1378 2622 melius
1401 2577 1753 2631 intelligendum
1785 2587 1831 2623 et
1862 2579 1969 2623 licet
2001 2593 2060 2623 ex
2092 2577 2192 2622 eius

346 2674 606 2726 appendice
628 2682 675 2718 et
695 2673 1071 2717 adnotationibus
1093 2673 1351 2725 videamuS,
1369 2673 1416 2716 id
1440 2674 1568 2725 quod
1591 2688 1618 2717 a
1642 2673 1745 2718 viro
1762 2682 1855 2717 tam
1879 2674 2032 2724 docto,
2050 2687 2191 2725 quam

345 2777 415 2813 est
438 2768 770 2819 Rothsteinius,
783 2776 1121 2820 exspectamus,
1148 2782 1257 2812 eum
1289 2767 1390 2812 fere
1421 2768 1579 2812 omnia
1610 2783 1938 2820 quaecumque
1970 2768 2190 2821 philologi

345 2870 392 2907 et
440 2861 668 2907 Germani
715 2870 761 2906 et
806 2862 1000 2906 aliarum
1031 2861 1238 2914 gentium
1270 2862 1330 2906 de
1362 2862 1610 2915 Propertio
1642 2862 1912 2915 scripserint
1946 2871 2188 2915 comperta

347 2955 535 3008 habere,
582 2971 747 3009 parum
793 2956 974 3001 curavit
1020 2971 1121 3000 rem
1168 2954 1403 3007 criticam;
1451 2956 1534 3000 sed
1570 2957 1844 3008 praesertim
1877 2958 1967 3002 hoc
2000 2958 2060 3002 de
2091 2958 2191 3003 eius

347 3050 551 3095 editione
582 3050 834 3095 observare
865 3058 997 3102 potes
1028 3065 1138 3094 eum
1162 3059 1381 3103 corrupta
1413 3052 1558 3096 multa
1574 3052 1786 3096 doctrina
1803 3052 2037 3105 explicare
2055 3053 2192 3098 malle

349 3159 490 3196 quam
536 3145 804 3188 emendare.
851 3144 1111 3189 Verissime
1157 3152 1311 3189 autem
1344 3145 1435 3189 iam
1467 3154 1574 3189 ante
1605 3145 1766 3198 viginti
1797 3161 1945 3191 annos
1977 3146 2194 3199 magister

350 3253 483 3283 meus
528 3238 811 3283 clarissimus
859 3238 1092 3282 Hartman
1139 3238 1321 3291 scripsit
1366 3239 1414 3282 in
1453 3239 1573 3284 libro
1604 3254 1690 3284 suo
1721 3240 1781 3284 de
1814 3240 2015 3284 Horatio
2048 3240 2194 3285 Poeta

349 3347 394 3384 p.
430 3331 538 3376 134:
570 3332 835 3383 „innumeri
866 3331 1058 3384 quidem
1091 3332 1323 3384 Propertii
1355 3333 1446 3377 loci
1477 3333 1538 3377 ita
1569 3334 1723 3378 traditi
1755 3342 1874 3385 sunt,
1907 3342 1959 3378 ut
1971 3342 2050 3379 aut
2066 3334 2193 3378 nulla

350 3425 528 3470 ratione
573 3425 762 3478 intelligi
808 3426 999 3479 possint,
1045 3434 1124 3470 aut
1169 3426 1399 3471 eiusmodi
1436 3427 1676 3481 requirant
1709 3428 2066 3482 explicationem
2099 3443 2194 3482 qua
