2566 3886
885 679 1116 731 LIBER
1154 678 1589 733 SECUNDUS.

1078 988 1334 1034 ELEGIA
1366 989 1402 1034 Ι.

343 1145 386 1190 2.
451 1145 579 1190 unde
611 1159 745 1190 meus
777 1143 935 1189 veniat
966 1144 1118 1188 mollis
1150 1143 1197 1188 in
1229 1159 1312 1188 ore
1343 1143 1463 1188 liber

449 1255 558 1285 ore
607 1239 680 1292 N;
712 1255 817 1285 ora
847 1239 953 1284 AF
975 1239 1134 1284 DVn.
1174 1238 1518 1293 Hertzbergius
1558 1239 1801 1285 Palmerus
1846 1240 2167 1287 Phillimorius

448 1344 705 1389 praeeunte
737 1334 971 1388 Scaligero
1001 1334 1252 1379 lectionem
1285 1334 1335 1379 N
1368 1334 1416 1379 in
1448 1343 1577 1380 textu
1601 1343 1796 1387 ponunt.
1822 1334 2165 1390 Hertzbergius

450 1429 673 1489 (Quaest.
705 1431 784 1476 lib.
817 1431 864 1475 II
897 1446 941 1483 p.
976 1428 1087 1489 142)
1119 1431 1236 1475 haec
1279 1438 1497 1475 annotat:
1515 1431 1782 1484 „propriam
1799 1431 2052 1484 praedicati
2068 1431 2166 1477 vim

451 1542 547 1572 non
580 1527 627 1572 in
659 1527 809 1572 verbo
855 1526 1058 1579 veniat,
1091 1527 1174 1572 sed
1222 1527 1269 1571 in
1317 1527 1500 1572 mollis
1546 1527 1743 1580 positam
1787 1542 1903 1579 esse,
1935 1527 2165 1572 ablativus

448 1631 553 1675 post
584 1621 978 1676 praepositionem
1010 1621 1064 1665 in
1097 1622 1236 1666 docet
1266 1620 1436 1666 frustra
1466 1636 1494 1666 a
1524 1621 1694 1666 criticis
1726 1623 1970 1668 tentatus”.

451 1715 544 1763 Sed
576 1717 668 1762 iam
701 1717 1000 1762 Burmannus
1031 1716 1262 1760 veniat
1293 1715 1355 1760 in
1387 1731 1501 1761 ora
1533 1716 1768 1771 iungenda
1799 1733 1902 1763 esse
1919 1718 2166 1771 intellexit;

448 1813 669 1858 differunt
715 1812 842 1858 enim
889 1812 1128 1857 venire
1175 1811 1237 1856 in
1285 1827 1397 1856 ora
1441 1810 1610 1870 (Prop.
1659 1813 1745 1865 ΙΙΙ,
1795 1812 1834 1865 l,
1881 1813 1959 1866 24;
2004 1812 2046 1866 9,
2079 1812 2165 1867 32;

449 1908 620 1954 Catull.
653 1908 725 1953 40.
758 1907 811 1961 53
851 1907 973 1953 Hor.
1006 1907 1138 1960 epist.
1171 1907 1208 1959 Ι,
1241 1906 1282 1959 3,
1315 1905 1370 1965 9)
1402 1916 1448 1952 et
1486 1923 1634 1953 esse
1666 1909 1729 1953 in
1761 1923 1874 1953 ore
1906 1924 1970 1954 sc.
2002 1909 2164 1962 populi

449 2001 572 2061 (Ov.
604 2003 703 2048 fast.
735 2003 823 2055 Vl,
856 2001 956 2055 528,
989 2003 1089 2047 her.
1121 2002 1258 2055 XVI,
1291 2000 1389 2060 34).

346 2194 373 2239 5
391 2209 492 2248 sqq.
525 2194 625 2240 sive
657 2195 782 2240 illam
815 2194 931 2240 Cois
962 2195 1217 2248 fulgentem
1249 2194 1471 2239 incedere
1502 2194 1641 2248 cogis,

601 2290 693 2335 hoc
724 2298 872 2335 totum
904 2305 932 2334 e
965 2288 1070 2334 Coa
1099 2298 1231 2334 veste
1263 2290 1488 2334 volumen
1520 2289 1633 2341 erit;

450 2401 534 2431 seu
566 2385 664 2430 vidi
695 2386 755 2430 ad
786 2385 990 2430 frontem
1022 2399 1206 2437 sparsos
1238 2399 1397 2429 errare
1428 2384 1633 2438 capillos,

603 2481 773 2534 gaudet
803 2479 1001 2525 laudatis
1032 2479 1101 2524 ire
1132 2480 1337 2532 superba
1368 2479 1528 2524 comis.

447 2575 667 2621 Verbum
699 2590 725 2619 c
742 2590 771 2619 o
788 2575 884 2628 gis
915 2572 1011 2632 (vs.
1044 2572 1112 2632 5),
1144 2575 1273 2627 quod
1304 2574 1405 2619 fere
1432 2573 1651 2619 omnibus
1668 2573 1758 2618 hoc
1775 2574 1879 2619 loco
1896 2583 2165 2627 suspectum

452 2671 529 2716 vel
571 2670 792 2715 vitiosum
834 2670 989 2715 visum
1031 2678 1144 2721 erat,
1187 2684 1215 2714 a
1250 2669 1470 2715 Vahleno
1502 2666 1690 2726 (SPrA,
1724 2667 1853 2721 1882,
1877 2684 1921 2722 p.
1953 2669 2038 2714 271
2072 2667 2169 2728 sq.)

455 2766 701 2811 defensum
718 2774 807 2818 est3
825 2765 863 2810 si
881 2765 985 2810 viro
1001 2765 1257 2810 clarissimo
1280 2765 1447 2817 credis,
1480 2765 1578 2810 vim
1610 2764 1745 2810 verbi
1778 2779 1804 2810 c
1819 2779 1849 2810 o
1864 2773 1892 2819 g
1908 2779 1935 2809 e
1951 2780 1982 2809 n
1999 2764 2060 2809 di
2090 2764 2167 2810 hic

448 2869 731 2907 attenuatam
763 2875 866 2905 esse
892 2860 1153 2912 putandum
1171 2869 1253 2912 est,
1271 2860 1401 2913 quod
1417 2860 1667 2905 ostendere
1684 2868 1879 2905 conatur
1910 2860 2066 2906 locum
2097 2859 2164 2905 sic

450 2955 736 3002 Germanice
768 2956 1019 3001 vertendo:
1052 2963 1227 3008 „magst
1259 2955 1323 3000 du
1356 2954 1422 3000 sie
1454 2970 1552 3000 nun
1584 2954 1648 3000 im
1672 2954 1899 3000 koischen
1917 2954 2163 3000 Gewande

450 3051 680 3105 glfinzend
729 3050 1109 3103 einherzugehen
1157 3049 1188 3094 b
1205 3064 1232 3094 e
1249 3049 1396 3095 stim
1414 3065 1461 3095 m
1478 3065 1505 3095 e
1522 3066 1568 3102 n,
1615 3065 1668 3095 so
1713 3050 1834 3095 wird
1883 3050 2052 3096 daraus
2089 3050 2166 3096 ein

451 3156 624 3201 ganzer
655 3147 788 3192 Band
820 3161 932 3191 vom
964 3146 1191 3191 koischen
1225 3144 1405 3190 Kleid”.

453 3242 510 3287 Ei
568 3241 872 3304 adstipulatus
928 3250 998 3286 est
1051 3241 1126 3286 vir
1165 3239 1460 3285 doctissimus
1502 3238 1706 3293 Magnus
1748 3236 2041 3296 (Jahresber.
2083 3240 2167 3285 des

453 3336 572 3381 Phil.
616 3336 821 3381 Vereins
859 3352 922 3381 zu
954 3335 1077 3380 Berl.
1110 3335 1197 3387 IX,
1228 3349 1273 3384 p.
1306 3331 1445 3392 266);
1477 3333 1525 3378 in
1558 3342 1736 3379 textum
1768 3348 1991 3389 recepere
2023 3333 2167 3380 Roth-

452 3431 645 3479 steinius
676 3439 722 3479 et
754 3430 1086 3478 Phillimorius.
