2566 3886
304 975 376 1022 81.

302 2963 373 3010 83.

1094 270 1362 316 -337-

443 401 548 448 Cur
578 417 624 447 m
640 402 796 447 ollia
825 402 1074 455 legendum
1107 401 1177 453 sit,
1209 401 1319 445 vide
1351 400 1632 445 Rothsteinii
1663 401 1801 446 huius
1818 401 1907 446 loci
1926 401 2151 455 interpre-

439 497 688 549 tationem3
735 511 865 548 cave,
897 511 957 541 ne
988 511 1096 541 cum
1131 495 1293 540 Ellisio
1324 495 1534 539 mollis
1566 495 1715 548 legas3
1747 496 1937 547 hedera,
1970 511 2091 549 quae
2122 511 2150 540 a

438 593 619 637 tumulo
650 591 867 644 pellenda
897 599 979 643 est,
1011 590 1221 635 mollis
1262 589 1420 634 vocari
1452 604 1547 633 non
1579 597 1750 642 potest3
1782 605 1869 643 pro
1911 590 2150 643 alligat

437 702 546 732 cum
578 685 829 730 Fonteinio
858 684 1020 737 scripsi
1052 684 1291 737 illigat,
1323 683 1433 736 quia
1463 684 1639 728 hedera
1669 698 1773 728 ossa
1803 699 1899 728 non
1931 684 2042 729 vin
2059 684 2151 729 cit

437 781 584 826 comis
615 780 724 832 suis,
756 780 838 824 sed
870 780 930 824 in
945 789 962 824 t
975 795 1002 824 e
1016 780 1119 824 xit.

437 976 632 1021 ramosis
662 975 791 1020 Anio
822 990 916 1028 qua
948 974 1150 1027 pomifer
1180 974 1370 1019 incubat
1399 974 1538 1019 arvis.

437 1070 614 1115 Iniuria
657 1078 884 1123 spernunt
927 1070 1170 1114 Palmerus
1203 1070 1523 1115 Rothsteinius
1557 1069 1874 1114 Phillimorius
1905 1070 2147 1121 pulchram

437 1164 721 1209 Broukhusii
753 1164 1158 1208 emendationem:

434 1258 729 1312 pomosis
772 1257 902 1302 Anio
932 1273 1026 1311 qua
1066 1257 1398 1311 spumifer
1438 1257 1628 1302 incubat
1658 1257 1796 1302 arvis.

434 1353 613 1399 Textus
658 1352 784 1398 enim
830 1352 1026 1397 traditus
1071 1353 1168 1397 duo
1212 1352 1546 1397 absurdissima
1588 1352 1700 1396 vitia
1743 1353 1986 1397 contraxit.
2020 1353 2148 1398 Nam

435 1449 549 1502 quid
581 1456 689 1492 sunt
719 1462 978 1492 ramosa
1007 1446 1198 1492 arva?
1231 1447 1360 1499 Quid
1390 1448 1581 1500 prodest
1609 1463 1882 1500 comparare
1915 1447 2148 1493 Silvani

435 1557 648 1588 ramosa
677 1543 870 1587 domus
900 1539 1000 1599 (IV
1032 1542 1073 1594 4,
1106 1539 1160 1599 5)
1191 1543 1263 1587 i.e.
1296 1544 1478 1594 domus,
1510 1558 1651 1596 quam
1683 1543 1887 1587 efficiunt
1925 1543 2147 1588 arborum

434 1636 592 1682 rami?
622 1637 742 1689 Quis
773 1652 914 1690 porro
946 1653 1153 1690 unquam
1184 1637 1363 1682 audivit
1394 1638 1569 1682 flumen
1601 1653 1741 1691 poma
1772 1638 1934 1683 ferre?
1972 1638 2148 1692 Neque

435 1732 511 1777 hic
542 1732 794 1785 quicquam
826 1731 1095 1784 proficimus
1111 1734 1428 1785 comparando
1446 1732 1540 1777 Ov.
1560 1732 1678 1777 Met.
1696 1733 1733 1784 1,
1750 1732 1863 1777 579:
1896 1733 2146 1786 populifer;

434 1828 633 1881 populos
664 1827 790 1872 enim
822 1827 1017 1872 fluvium
1050 1827 1096 1872 in
1130 1828 1242 1880 ripis
1273 1828 1448 1872 habere
1479 1836 1558 1872 aut
1587 1828 1710 1872 ferre
1741 1828 1916 1880 optime
1940 1828 2147 1881 intelligi-

436 1937 554 1967 mus.
600 1921 747 1975 Apud
795 1920 939 1966 Ovid.
986 1937 1076 1967 am.
1109 1922 1196 1974 111.
1227 1922 1269 1974 6,
1301 1921 1384 1967 45:
1417 1922 1531 1975 quid
1563 1922 1813 1975 legendum
1846 1931 1967 1967 esset
2000 1924 2147 1967 multo

436 2025 544 2061 ante
575 2015 735 2061 docuit
767 2016 1033 2061 Bentleius:

550 2126 639 2156 nec
670 2119 715 2156 te
746 2120 1003 2164 praetereo,
1035 2113 1116 2164 qui
1148 2127 1233 2165 per
1263 2127 1379 2157 cava
1416 2128 1570 2157 saxa
1601 2113 1816 2157 volutans

611 2204 802 2250 Tiburis
829 2206 975 2260 Argei
1007 2207 1236 2259 pomifera
1266 2205 1401 2265 (mss.
1435 2205 1660 2264 pomifer)
1692 2222 1805 2252 arva
1835 2207 1967 2261 rigas,

438 2315 593 2353 neque
624 2300 761 2353 igitur
791 2301 867 2345 hic
898 2302 1027 2346 locus
1059 2302 1212 2346 afferri
1235 2311 1387 2355 potest
1405 2303 1464 2346 ad
1494 2302 1765 2354 pomifer
1794 2303 1918 2354 apud
1936 2311 2146 2347 nostrum

434 2394 677 2439 tuendum.
725 2394 780 2439 In
822 2396 997 2440 saxosis
1041 2405 1195 2440 autem
1227 2396 1340 2448 ripis
1371 2396 1573 2441 Anienis
1604 2397 1785 2441 nullum
1818 2398 1973 2442 locum
2004 2397 2147 2442 fuisse

433 2488 679 2556 arboribus
709 2489 949 2542 pomiferis
979 2498 1025 2534 et
1056 2490 1132 2534 hic
1163 2491 1294 2536 locus
1326 2490 1491 2536 Ovidii
1522 2492 1661 2536 docet
1691 2500 1737 2536 et
1768 2490 1877 2536 Stat.
1911 2491 2022 2536 Silv.
2043 2492 2080 2544 1,
2099 2492 2146 2537 3:

554 2583 661 2636 Ipse
690 2584 851 2629 Anien
883 2582 1123 2643 (miranda
1154 2583 1297 2643 fides)
1328 2586 1543 2639 infraque
1574 2601 1812 2638 superque

553 2693 795 2724 saxeus
826 2680 902 2724 hic
934 2679 1161 2724 tumidam
1193 2680 1371 2725 rabiem
1404 2696 1851 2734 spumosaque
1882 2681 2014 2734 ponit

553 2787 795 2818 murmura
822 2788 919 2827 eqs.

435 2965 547 3010 Hoc
578 2981 719 3011 versu
750 2967 888 3012 lectio
920 2967 1221 3019 Neapolitani
1253 2969 1285 3012 h
1302 2969 1359 3013 ic
1391 2969 1552 3022 utique
1585 2970 1830 3021 servanda,
1862 2985 2018 3023 neque
2034 2986 2142 3015 cum

434 3059 720 3105 Baehrensio
751 3061 1053 3106 scribendum
1085 3063 1213 3114 hoc,
1243 3063 1371 3115 quod
1403 3077 1430 3107 e
1461 3063 1661 3107 lectione
1693 3063 1739 3107 O
1772 3063 1989 3114 deduxit:
2021 3063 2142 3108 hic:

434 3153 497 3199 in
543 3155 878 3208 sepulcro.

435 3340 562 3387 Cum
596 3342 720 3388 Italis
751 3344 879 3396 lego:

434 3435 531 3481 Hic
561 3436 809 3482 Tiburtina
838 3437 957 3483 iacet
988 3453 1129 3483 aurea
1160 3438 1369 3491 Cynthia
1400 3447 1536 3484 terra.
