2566 3886
348 2483 416 2529 11.

1138 258 1404 304 ——119—

638 407 765 438 nunc
796 391 897 436 sine
928 405 1006 436 me
1036 398 1131 435 tota
1161 390 1300 435 ianua
1330 397 1468 434 nocte
1500 397 1640 442 patet.

487 489 662 542 Cythia
692 503 788 533 non
820 487 1031 540 sequitur
1060 485 1198 531 fascis
1229 500 1317 530 nec
1349 492 1482 530 curat
1510 485 1736 529 honores:

638 597 827 636 semper
856 590 1116 627 amatorum
1148 580 1378 632 ponderat
1409 580 1486 624 illa
1516 579 1659 631 sinus,

488 693 675 731 semper
706 678 754 722 in
787 676 1034 722 Oceanum
1067 675 1204 720 mittit
1235 689 1311 719 me
1343 689 1572 727 quaerere
1604 683 1811 727 gemmas

638 781 684 818 et
714 771 844 817 iubet
875 786 935 816 ex
966 770 1066 824 ipsa
1096 770 1260 815 tollere
1292 769 1417 814 dona
1447 768 1602 821 Tyro:

484 883 646 922 quare,
678 867 716 912 si
747 866 884 919 sapis,
915 866 1092 911 oblatas
1123 880 1184 910 ne
1215 865 1381 909 desere
1413 864 1578 908 messis

635 970 682 1007 et
712 961 932 1007 stolidum
964 962 1106 1014 pleno
1137 959 1314 1005 vellere
1346 973 1487 1011 carpe
1518 973 1687 1012 pecus;

484 1057 657 1103 deinde
687 1056 768 1102 ubi
799 1064 1079 1108 consumpto
1110 1053 1300 1100 restabit
1331 1068 1529 1098 munere
1559 1068 1752 1107 pauper,

636 1152 712 1197 dic
743 1151 853 1196 alias
885 1151 1054 1195 iterum
1086 1149 1273 1203 naviget
1304 1147 1514 1201 Illyrias!

484 1257 529 1294 at
559 1257 609 1293 tu
640 1262 767 1292 nunc
798 1254 972 1298 nostro,
1004 1244 1186 1296 Venus,
1217 1259 1247 1289 o
1278 1259 1501 1289 succurre
1533 1244 1698 1296 dolori,

634 1350 819 1394 rumpat
850 1350 901 1386 ut
930 1340 1127 1386 assiduis
1159 1339 1372 1384 membra
1403 1337 1696 1383 libidinibus!

482 1448 592 1493 ergo
624 1436 900 1484 muneribus
931 1435 1086 1489 quivis
1117 1442 1353 1480 mercatur
1383 1449 1593 1479 amorem
1607 1433 1634 1478 P

635 1533 859 1586 luppiter,
891 1531 1080 1585 indigne
1111 1544 1270 1575 merce
1301 1530 1457 1582 puella
1487 1530 1621 1583 perit.

482 1638 622 1683 atque
654 1628 830 1674 utinam
863 1627 1045 1672 Romae
1076 1641 1218 1671 nemo
1246 1634 1368 1670 esset
1398 1625 1547 1677 dives,
1579 1634 1626 1670 et
1657 1625 1756 1678 ipse

633 1722 883 1769 straminea
914 1730 1070 1774 posset
1101 1722 1198 1766 dux
1229 1721 1439 1766 habitare
1471 1719 1605 1765 casa!

484 1819 791 1865 Housmanus
836 1832 1003 1862 versus
1051 1815 1119 1861 13.
1166 1815 1221 1860 14
1264 1823 1368 1867 post
1414 1814 1471 1860 28
1518 1815 1814 1868 transposuit,
1858 1817 1986 1870 quod
2018 1818 2197 1871 recepit

483 1914 769 1968 Postgatius;
801 1914 884 1958 sed
916 1921 967 1957 ut
997 1921 1084 1965 ego
1115 1926 1282 1956 versus
1312 1911 1542 1963 ordinavi,
1575 1926 1722 1956 nunc
1755 1916 1911 1965 (versu
1930 1911 2000 1963 13)
2017 1913 2194 1966 optime

481 2010 702 2055 cohaeret
731 2023 840 2054 cum
872 2007 1171 2062 praecedenti
1203 2021 1344 2052 versu
1380 2005 1463 2051 10:
1496 2006 1533 2051 si
1565 2021 1744 2060 pauper
1760 2007 1906 2053 factus
1923 2016 1992 2053 est
2008 2017 2196 2061 praetor

483 2105 568 2149 iste
614 2112 735 2156 tuus,
783 2103 953 2148 iterum
1000 2102 1048 2147 in
1094 2102 1300 2154 lllyriam
1339 2102 1538 2155 naviget,
1571 2110 1622 2147 ut
1652 2117 1800 2148 novas
1831 2111 1963 2156 paret
1994 2103 2194 2156 divitias,

482 2200 565 2244 sed
609 2214 768 2251 nunc,
812 2199 926 2243 dum
957 2197 1193 2251 Cynthiae
1224 2212 1386 2242 amore
1416 2197 1600 2250 fruitur,
1632 2213 1800 2251 rumpe
1832 2198 1932 2244 eius
1964 2199 2190 2251 membra,

479 2295 570 2340 hoc
601 2302 646 2339 te
678 2308 762 2339 oro
792 2293 975 2339 Venus.

479 2484 687 2538 Cynthia
718 2499 813 2530 non
845 2484 1055 2538 sequitur
1086 2484 1220 2529 fascis
1252 2499 1340 2529 nec
1372 2492 1503 2530 curat
1534 2485 1768 2530 honores:

627 2595 814 2634 semper
843 2589 1104 2626 amatorum
1136 2581 1366 2634 ponderat
1396 2595 1490 2624 una
1521 2580 1663 2625 sinus.

478 2675 707 2721 Dubitant
746 2675 836 2720 viri
878 2675 1017 2727 docti,
1061 2684 1217 2720 utrum
1262 2675 1309 2720 in
1352 2690 1493 2720 versu
1538 2675 1757 2720 breviore
1798 2691 1906 2720 cum
1940 2675 2035 2721 NF
2073 2691 2192 2721 una

476 2771 725 2824 legendum
763 2770 833 2822 sit,
871 2786 930 2815 an
969 2770 1081 2815 illa
1118 2785 1226 2815 cum
1265 2770 1375 2815 DV.
1414 2770 1712 2823 Neapolitani
1745 2770 1994 2815 lectionem
2025 2786 2187 2816 veram

476 2865 616 2910 habet
660 2865 905 2910 Vahlenus
952 2863 1115 2923 (Mon.
1134 2866 1261 2918 PrA,
1311 2865 1440 2917 1881,
1487 2881 1531 2918 p.
1564 2864 1692 2923 342),
1739 2866 1820 2918 qui
1867 2866 2188 2919 compluribus

476 2960 590 3004 locis
621 2960 897 3013 comparatis
922 2961 1013 3005 hoc
1045 2960 1320 3006 observasse
1352 2961 1439 3005 sibi
1470 2960 1599 3006 visus
1630 2969 1723 3005 est:
1756 2961 1833 3013 „in
1867 2960 2190 3005 Lateinischer

477 3055 612 3099 Rede
670 3068 797 3099 muss
858 3069 908 3099 es
970 3055 1215 3108 geniigend
1278 3055 1556 3100 erschienen
1618 3055 1733 3107 sein,
1796 3055 1873 3100 die
1920 3055 1968 3099 in
2015 3070 2187 3107 unus,

476 3150 624 3202 ipse,
686 3149 859 3193 solus
920 3149 1139 3202 gelegene
1201 3147 1473 3203 Steigerung
1515 3150 1632 3194 oder
1678 3149 2092 3202 Determinierung
2137 3150 2186 3194 in

476 3245 569 3289 den
607 3242 715 3288 Satz
751 3258 812 3288 zu
859 3243 1037 3295 stellen,
1081 3245 1202 3289 auch
1249 3245 1374 3289 ohne
1421 3244 1488 3289 sie
1529 3244 1715 3289 formell
1747 3259 1806 3288 an
1845 3244 1927 3288 das
1950 3243 2087 3289 Wort
2124 3260 2186 3289 zu

478 3338 655 3383 binden
687 3338 796 3383 dem
828 3338 894 3383 sie
924 3354 986 3383 zu
1018 3338 1190 3384 dienen
1222 3339 1459 3384 bestimmt
1489 3339 1631 3384 war”.
1663 3338 1744 3383 Ad
1775 3353 1896 3390 quae
1927 3338 2184 3383 rectissime

475 3432 694 3480 observat
724 3433 980 3490 Postgatius
1011 3430 1155 3493 (JPh.
1186 3433 1322 3489 XXI,
1359 3449 1404 3491 p.
1442 3431 1549 3494 66):
1579 3432 1754 3489 „Sheer
1785 3433 2017 3490 necessity
2047 3434 2183 3480 alone
