2566 3886
1170 251 1436 297 —318—

513 383 812 429 Coniecturis
858 399 885 428 a
929 383 1216 428 Baehrensio
1262 383 1309 427 in
1342 392 1565 436 apparatu
1597 383 1758 429 critico
1790 383 2074 428 enumeratis
2105 384 2228 429 addo

514 479 907 532 -Rossbergianam
939 476 1130 537 (Fleck.
1162 479 1324 524 Jahrb.
1360 478 1488 531 1883,
1521 495 1566 532 p.
1599 477 1711 537 74):

632 574 789 619 omnia
820 574 1107 627 praebebant
1138 589 1304 619 somno
1336 589 1413 618 se:
1448 574 1657 627 Iuppiter
1688 590 1809 619 unus

514 669 701 715 Collato
734 670 895 723 Vergil
927 670 1052 714 Aen.
1086 670 1174 721 IV,
1207 668 1294 714 522

633 780 728 810 nox
759 774 858 810 erat
889 774 935 810 et
966 765 1203 818 placidum
1235 765 1490 818 carpebant
1521 765 1640 809 {essa
1670 780 1888 819 soporem

632 875 831 912 corpora
861 875 947 913 per
977 869 1124 905 terras

514 955 628 1001 mihi
671 955 986 1000 Luetiohanni
1018 955 1279 1007 inventum,
1311 956 1439 1009 quod
1473 956 1785 1001 Baehrensius
1817 971 2006 1010 quoque
2039 956 2231 1009 recepit,

518 1051 720 1096 maxime
752 1051 929 1103 placet:
962 1051 1336 1104 carpebant
1367 1067 1453 1104 pro
1485 1051 1918 1104 praebebant.

381 1228 453 1274 93.
470 1229 542 1274 94.
575 1245 602 1274 a
635 1231 756 1274 duce
787 1229 992 1282 Tarpeio
1025 1245 1160 1274 mons
1192 1238 1261 1274 est
1292 1239 1553 1283 cognomen
1586 1231 1810 1283 adeptus:

633 1341 662 1370 o
694 1325 804 1378 vigil
835 1325 1033 1370 iniustae
1064 1326 1272 1379 praemia
1302 1325 1438 1370 sortis
1469 1325 1614 1370 habes

516 1419 591 1465 Sic
638 1421 728 1464 hoc
776 1420 1023 1472 distichon,
1056 1421 1183 1474 quod
1228 1422 1427 1465 multum
1458 1421 1591 1466 torsit
1621 1421 1748 1466 viros
1780 1421 1956 1473 doctos,
1988 1421 2154 1474 legitur
2185 1421 2232 1466 in

516 1515 856 1568 Neapolitano;
889 1516 1033 1561 ceteri
1065 1531 1151 1568 pro
1183 1516 1245 1560 in
1263 1532 1294 1561 u
1312 1531 1333 1561 s
1351 1525 1368 1560 t
1384 1532 1411 1561 a
1427 1531 1482 1561 e:
1515 1516 1579 1560 in
1596 1515 1610 1560 i
1629 1532 1660 1561 u
1677 1524 1775 1560 ste
1806 1515 2044 1560 exhibent.

518 1611 864 1656 Hexametrum
898 1611 1211 1656 Baehrensius
1234 1612 1468 1665 corrigere
1485 1620 1681 1656 conatur
1697 1620 1933 1664 assumpta
1949 1610 2232 1664 Schippersii

519 1707 788 1751 coniectura
815 1707 1000 1752 audaci:

634 1802 716 1847 abs
732 1811 778 1847 te
794 1802 1025 1856 Tarpeius
1041 1799 1133 1860 (sic
1152 1799 1489 1860 Rossbergius)
1510 1817 1646 1847 mons
1664 1811 1733 1847 est
1749 1811 2010 1856 cognomen
2024 1803 2233 1855 adeptus.

518 1897 695 1942 Melius
726 1898 1005 1942 emendatur
1036 1906 1082 1942 et
1112 1897 1384 1950 explicatur,
1416 1897 1454 1941 si
1486 1912 1594 1942 cum
1629 1897 1832 1942 Bassano
1864 1898 2162 1951 corrigimus:

606 2008 633 2037 a
675 2008 837 2037 nece
875 1991 1105 2045 Tarpeiae
1138 2007 1274 2037 mons
1305 2001 1375 2037 est
1405 2001 1666 2046 cognomen
1698 1994 1908 2046 adeptus.

518 2088 613 2132 Pro
644 2088 877 2132 vocabulo
923 2103 945 2132 s
962 2103 990 2132 o
1007 2103 1030 2131 r
1047 2088 1146 2140 tis,
1191 2088 1319 2141 quod
1352 2087 1610 2140 Postgatius
1641 2088 1743 2133 iure
1774 2097 2047 2140 corruptum
2079 2088 2234 2140 habet,

518 2200 564 2227 m
582 2199 611 2228 o
627 2199 651 2227 r
666 2192 684 2227 t
700 2183 714 2227 i
732 2198 753 2228 s
785 2198 1016 2235 reponere
1047 2183 1204 2235 velim,
1223 2198 1364 2235 quam
1382 2183 1699 2228 coniecturam
1717 2184 2045 2228 Luetiohanno
2062 2180 2133 2240 (p.
2153 2180 2235 2241 19)

517 2294 707 2333 quoque
753 2278 982 2331 placuisse
1026 2278 1137 2322 vidi.
1187 2279 1232 2322 Is
1264 2287 1608 2330 pentametrum
1640 2279 1702 2323 ita
1732 2287 1996 2323 correctum
2027 2278 2076 2323 in
2107 2279 2235 2323 hunc

519 2375 713 2418 modum
746 2374 969 2425 explicat:
1003 2389 1139 2425 „cum
1173 2388 1300 2418 mors
1331 2373 1607 2425 proditionis
1638 2382 1745 2418 tuae
1777 2374 1853 2418 vel
1884 2389 2050 2426 parum
2082 2373 2234 2426 gravis

519 2484 672 2521 poena
702 2469 759 2514 sit
790 2467 876 2526 (cf.
909 2485 954 2513 v.
990 2466 1156 2526 17sq.)‚
1200 2477 1249 2513 tu
1293 2484 1380 2521 pro
1413 2477 1563 2513 morte
1596 2468 1734 2513 etiam
1774 2468 2035 2522 praemium
2075 2468 2234 2520 habes,

519 2565 650 2618 quasi
682 2566 743 2609 de
775 2565 921 2618 patria
951 2573 1030 2609 tua
1061 2565 1184 2609 bene
1217 2564 1382 2608 merita
1398 2564 1502 2608 sis‘’.
1533 2564 1885 2608 Pentametrum
1904 2563 2040 2617 igitur
2053 2563 2234 2608 scribo:

521 2659 566 2704 O
600 2660 724 2713 vigil,
757 2660 927 2705 iniuste
961 2661 1169 2713 praemia
1201 2660 1363 2704 mortis
1396 2659 1554 2704 habes.

1143 3021 1398 3067 ELEGIA
1428 3021 1490 3066 V.

417 3164 458 3209 3.
519 3180 608 3210 nec
639 3166 833 3210 sedeant
863 3165 1010 3210 cineri
1043 3165 1215 3210 Manes
1246 3179 1344 3217 eqs.

522 3259 716 3304 Frustra
739 3275 930 3312 operam
964 3261 1075 3304 dant
1106 3259 1195 3304 viri
1228 3259 1368 3310 docti,
1400 3267 1450 3304 ut
1481 3273 1670 3303 sensum
1702 3258 1850 3302 ullum
1882 3272 1942 3301 ex
1972 3256 2044 3301 his
2076 3256 2234 3301 verbis

521 3355 769 3399 excutiant.
802 3354 947 3406 Audi,
979 3369 1169 3407 quaeso,
1199 3353 1504 3406 interpretes3
1538 3352 1754 3397 Barthius
1785 3352 2012 3405 explicat:
2042 3365 2235 3403 „omnes

522 3464 684 3493 manes
700 3458 833 3494 tuum
850 3449 1027 3502 fugiant
1039 3449 1400 3494 contubernium
1416 3463 1427 3492 ε
1460 3463 1481 3492 s
1499 3463 1525 3492 e
1540 3448 1570 3491 d
1584 3463 1611 3492 e
1625 3462 1652 3492 a
1662 3463 1693 3491 n
1706 3456 1723 3491 t
1754 3462 1840 3499 pro
1871 3462 1898 3491 a
1909 3462 1930 3491 s
1944 3462 1965 3491 s
1979 3446 1993 3490 i
2007 3447 2037 3491 d
2052 3462 2079 3491 e
2090 3461 2117 3490 a
2130 3461 2161 3490 n
2175 3447 2235 3491 θ’.
