2566 3886
1135 245 1389 291 „266-

465 378 777 429 Burmannus,
823 378 899 422 cui
948 378 1279 422 Lachmannus
1325 386 1371 422 et
1417 377 1675 431 Postgatius
1720 375 1794 436 (in
1835 378 2041 423 editione
2071 379 2181 424 anni

467 470 607 530 1894)
632 472 985 525 adstipulantur,
1015 488 1157 518 voces
1189 481 1311 525 tym
1328 487 1485 525 pana
1515 488 1561 517 v.
1585 471 1642 517 33
1673 481 1720 518 et
1751 473 2031 526 cymbala
2062 489 2107 519 v.
2124 472 2181 518 36

463 568 619 613 locum
652 576 833 613 mutare
864 568 1008 620 iussit,
1040 582 1136 613 non
1168 577 1295 613 recte
1326 576 1377 613 ut
1410 567 1755 622 Hertzbergius
1786 568 1937 614 docet.

330 710 401 755 37.
434 709 505 755 38.
567 719 675 755 ante
706 711 830 756 tores
862 710 1024 763 templi
1056 719 1222 763 crater,
1254 710 1467 756 antistitis
1498 725 1613 756 auro

633 805 829 851 libatum
861 806 1063 851 fundens
1095 806 1144 851 in
1175 815 1255 851 tua
1285 821 1416 851 sacra
1448 821 1632 851 merum

463 901 592 946 Mire
623 901 826 946 dictum:
859 910 1042 946 crater
1072 916 1281 946 merum
1312 901 1499 946 fundit
1529 900 1783 946 sacerdotis
1813 915 1929 946 auro
1945 898 2182 959 (Rothst.)

462 997 559 1041 vel:
591 1004 743 1041 crater
774 995 985 1041 antistitis
1013 1011 1129 1041 auro
1155 997 1238 1051 (sc.
1255 996 1404 1041 factus
1421 995 1527 1051 erit)
1545 1010 1730 1040 merum
1746 994 1950 1040 fundens
1966 991 2180 1053 (Paley).

466 1091 565 1144 Ego
611 1090 841 1136 assentior
888 1091 1154 1136 Hartmano
1197 1091 1501 1136 scribendum
1533 1105 1635 1136 esse
1666 1105 1775 1136 cum
1809 1090 2038 1136 Heinsio:

576 1195 684 1231 anta
714 1186 840 1231 fores
871 1186 1034 1240 templi
1065 1195 1245 1232 cratere
1276 1186 1465 1232 antistes
1496 1194 1543 1231 et
1573 1201 1689 1231 auro

695 1282 889 1327 libatum
921 1297 1018 1336 eqs.

459 1376 722 1421 Lenissima
757 1377 1000 1429 correctio,
1045 1392 1153 1423 cum
1191 1386 1208 1422 t
1239 1386 1285 1423 et
1316 1392 1337 1422 s
1368 1378 1547 1423 litterae
1578 1377 1883 1430 transpositae
1913 1376 2018 1422 sint.
2061 1373 2103 1433 (i
2133 1385 2180 1421 et

462 1486 489 1516 e
514 1471 784 1525 saepissime
816 1469 1208 1530 confunduntur).

1018 1792 1274 1839 ELEGIA
1303 1792 1491 1838 XVIII.

358 1923 397 1969 l.
460 1923 558 1975 Qui
603 1923 787 1968 initium
825 1924 964 1969 huius
995 1923 1215 1969 carminis
1252 1924 1472 1976 perleget,
1505 1922 1749 1969 mirabitur
1780 1938 1954 1968 nomen
1987 1921 2179 1969 Claudii

463 2019 694 2073 Marcelli,
726 2020 774 2064 in
807 2020 940 2065 cuius
972 2021 1203 2065 honorem
1236 2018 1554 2072 pulcherrima
1584 2019 1701 2063 haec
1731 2017 1872 2063 nenia
1902 2018 2074 2070 scripta
2095 2026 2178 2070 est,

460 2129 692 2167 nusquam
724 2115 942 2168 inveniri,
975 2130 1131 2169 neque
1153 2114 1323 2160 iniuria
1339 2114 1597 2166 mirabitur,
1614 2129 1723 2158 nam
1740 2113 1948 2159 carmina
1963 2121 2178 2159 veterum

458 2210 681 2255 carebant
726 2210 1122 2263 inscriptionibus,
1154 2210 1326 2264 quibus
1358 2218 1553 2255 utuntur
1584 2217 1769 2254 nostrae
1800 2208 1960 2254 aetatis
1999 2216 2177 2262 poetae.

459 2305 662 2350 Accedit
692 2306 781 2351 alia
811 2305 1079 2351 difficultas:
1111 2305 1346 2350 fumida
1390 2304 1679 2350 Baiarum
1723 2312 1941 2357 stagna
1971 2319 2066 2349 non
2099 2317 2178 2355 po-

459 2410 546 2446 test
577 2401 741 2446 haberi
772 2416 859 2453 pro
889 2401 1180 2454 appositione
1212 2400 1429 2445 vocabuli
1472 2415 1588 2454 pon
1602 2408 1660 2445 tu
1674 2415 1709 2445 s.

460 2495 597 2548 Quae
643 2496 944 2542 incommoda
991 2496 1150 2542 omnia
1195 2496 1434 2547 tolluntur,
1473 2495 1512 2540 si
1543 2510 1652 2540 cum
1686 2494 1952 2540 Hartmano
1982 2509 2175 2540 versum

458 2592 525 2637 sic
556 2592 889 2637 emendamus:

578 2686 882 2732 Claudius
914 2687 1138 2732 umbroso
1169 2701 1264 2740 qua
1293 2686 1448 2731 tundit
1477 2694 1649 2739 pontus
1680 2685 1880 2731 Averno

694 2782 875 2827 fumida
906 2782 1125 2827 Baiarum
1158 2790 1317 2834 stagna
1346 2780 1546 2833 tepentis
1577 2795 1740 2833 aquae.

354 2912 395 2957 2.
458 2912 506 2958 U
522 2913 640 2958 mid
652 2928 680 2958 a
709 2928 818 2958 cum
836 2913 1126 2958 substantivo
1157 2920 1244 2957 sta
1257 2921 1284 2965 g
1296 2927 1327 2956 n
1341 2927 1369 2956 a
1399 2912 1609 2957 iunctum
1627 2911 1866 2964 epitheton
1883 2911 2173 2964 superfluum

457 3024 559 3053 esse
590 3009 816 3054 intellexit
847 3007 1063 3061 Scaliger,
1095 3008 1176 3061 qui
1206 3008 1232 3052 f
1238 3023 1269 3052 u
1284 3007 1405 3052 mid
1419 3022 1446 3052 a
1477 3006 1689 3058 coniecit,
1713 3007 1772 3051 cf.
1792 3005 2173 3059 Hertzbergium.

353 3150 395 3196 3.
457 3151 534 3196 hic
566 3151 648 3196 ubi
679 3151 898 3196 mortales
930 3152 1095 3196 dexter
1126 3166 1235 3195 cum
1267 3157 1516 3203 quaereret
1546 3148 1688 3194 urbes

458 3247 653 3291 dexter
685 3245 848 3298 NFL;
881 3247 1106 3290 dextra
1138 3245 1249 3290 DV.

458 3340 734 3385 Lectionem
783 3341 879 3385 DV
926 3349 1207 3394 receperunt
1239 3340 1497 3393 Postgatius
1528 3347 1574 3384 et
1606 3338 1943 3390 Baehrensius:
1976 3338 2172 3382 dextra

457 3435 622 3480 urbes
653 3450 921 3488 quaerere
952 3451 980 3481 a
996 3436 1187 3481 Barthio
1203 3435 1486 3489 explicatur:
1507 3435 1585 3487 „vi
1602 3443 1647 3480 et
1663 3434 1803 3479 armis
1820 3434 2013 3479 domare
2029 3431 2171 3478 urbes
