2566 3886
334 389 405 435 24.

335 2957 406 3003 25.

1121 255 1296 302 -237
1329 281 1388 287 -

467 389 709 435 Ponere
756 389 889 434 iura
931 397 1058 434 recte
1106 388 1271 433 Latine
1315 388 1408 432 dici
1439 396 1604 442 potest.
1636 388 1695 434 ef.
1728 388 1870 442 Prop.
1903 388 1989 440 IV.
2021 387 2063 440 9,
2095 387 2177 433 64:

465 484 596 538 ponit
626 485 707 530 vix
738 484 872 529 siccis
915 484 1060 529 tristia
1101 484 1202 529 iura
1247 483 1402 529 labris.
1446 482 1672 536 Anglice:
1720 492 1797 535 „to
1842 484 1901 528 la
1916 499 1948 535 y
1994 484 2068 528 do
2084 498 2130 528 w
2146 499 2177 528 n

464 581 544 625 the
574 580 708 625 law”.

466 674 593 720 Cum
639 689 759 720 voce
804 688 826 719 s
843 689 870 719 e
886 689 957 719 cu
974 688 1041 718 re
1057 688 1079 718 s
1139 673 1443 718 coniunctum
1489 688 1520 726 p
1537 687 1611 718 on
1627 687 1655 718 e
1671 688 1695 717 r
1711 688 1739 718 e
1785 688 1893 718 cum
1941 673 2175 727 Postgatio

465 767 644 828 (Select
677 770 748 815 El.
781 785 826 823 p.
861 767 972 828 175)
1004 769 1334 822 explicandum
1366 769 1454 813 erit
1484 768 1723 822 infigere
1754 778 1950 814 terrae.

466 865 685 911 Fortasse
701 865 871 918 putarit
886 865 991 919 quis
1006 889 1065 895 —
1081 879 1176 909 non
1194 863 1296 909 sine
1313 879 1523 910 causa—
1539 863 1710 909 mirum
1727 879 1830 909 esse
1847 864 2176 910 Maecenatem

466 961 597 1013 „iura
617 960 646 1005 i.
663 975 705 1006 e.
724 961 847 1014 leges
863 974 1041 1013 ponere
1060 961 1134 1005 vel
1153 960 1307 1005 ferre”
1324 959 1431 1012 diei,
1448 969 1494 1005 et
1510 968 1747 1013 praestare
1764 975 1872 1005 cum
1889 960 2178 1005 Ruhnkenio

465 1069 656 1100 versum
687 1055 751 1100 sic
781 1055 1035 1108 refingere:

582 1159 629 1196 et
659 1149 795 1195 liceat
827 1150 984 1195 medio
1015 1164 1310 1202 promere
1341 1149 1443 1195 iura
1473 1150 1589 1195 loro.

459 1245 636 1290 collatis
667 1245 795 1290 hisce
827 1245 964 1290 locis:
999 1244 1118 1290 Plin.
1150 1260 1223 1299 ep.
1257 1245 1293 1289 Ι.
1329 1244 1384 1289 10
1412 1245 1635 1297 iudicare,
1652 1259 1871 1298 promere
1888 1254 1934 1290 et
1952 1260 2176 1291 exercere

460 1341 703 1393 iustitiam;
749 1340 871 1386 Hor.
915 1340 994 1385 lib.
1034 1340 1095 1393 11,
1128 1341 1216 1393 Ep.
1250 1341 1285 1385 1.
1321 1340 1409 1386 104
1442 1356 1579 1386 mane
1611 1342 1754 1386 domo
1786 1341 1990 1395 vigilare,
2019 1342 2176 1387 clienti

462 1450 680 1488 promere
712 1435 826 1481 iura.
859 1435 1060 1480 Imitatio
1098 1434 1286 1481 Ovidii:
1335 1435 1447 1481 Am.
1497 1436 1557 1480 ΙΙ.
1607 1436 1675 1481 17.
1722 1435 1806 1480 241
1851 1445 1909 1481 te
1958 1437 2180 1481 deceat

460 1530 665 1575 medio
707 1531 841 1575 iura
883 1530 1141 1576 dedisse
1172 1530 1312 1575 foro
1342 1546 1428 1575 nos
1460 1546 1555 1576 non
1588 1531 1704 1576 nihil
1735 1531 1940 1576 adiuvat.

462 1625 607 1670 Iura
637 1627 781 1671 dare
812 1635 982 1678 autem,
1014 1626 1165 1679 inquit
1196 1624 1388 1671 Servius
1418 1627 1477 1671 ad
1510 1626 1653 1680 Verg.
1685 1626 1810 1672 Aen.
1844 1627 1865 1671 1
1898 1626 2010 1671 507:
2043 1626 2180 1680 magi-

462 1728 687 1765 stratuum
734 1735 1026 1766 summorum
1074 1729 1143 1765 est
1189 1735 1285 1765 non
1317 1730 1548 1773 quatenus
1579 1721 1800 1773 iudicant,
1833 1721 1917 1766 sed
1948 1729 2180 1774 quatenus

462 1815 533 1860 ius
578 1815 717 1860 civile
763 1815 928 1860 edictis
975 1816 1071 1860 suis
1117 1825 1163 1861 et
1208 1816 1408 1861 decretis
1455 1825 1642 1870 augent;
1689 1826 1735 1862 et
1780 1825 1908 1862 recte
1941 1815 2180 1869 Ladewig-

459 1908 667 1962 Sehaper
717 1910 776 1955 ad
823 1911 978 1955 locum
1010 1910 1201 1955 citatum
1233 1919 1481 1956 annotant:
1514 1911 1659 1964 „iura,
1692 1911 2070 1958 Rechtsnormen
2102 1912 2180 1957 die

465 2006 548 2050 das
593 2004 723 2050 Volk
767 2005 957 2058 binden,
1004 2006 1096 2051 wie
1127 2006 1175 2051 in
1208 2006 1331 2051 Rom
1364 2007 1441 2052 die
1472 2007 1625 2052 edicta
1657 2008 1740 2052 des
1772 2007 1968 2053 Praetor
1998 2008 2073 2053 fiir
2103 2008 2181 2052 die

465 2099 691 2146 Gerichte
722 2101 933 2146 bindend
965 2102 1208 2147 wurden'’.

466 2194 646 2241 Notatu
678 2195 870 2250 dignum
909 2205 979 2241 est
1010 2197 1114 2241 loco
1145 2196 1418 2250 Vergiliano
1465 2197 1602 2242 iura
1648 2197 1834 2243 dabat
1879 2199 2181 2251 legesque

464 2291 715 2337 coniuncta
756 2292 859 2345 legi,
899 2292 1151 2337 Horatium
1198 2301 1368 2345 autem,
1402 2291 1490 2337 Srt.
1523 2292 1559 2337 Ι.
1591 2292 1633 2337 3.
1668 2291 1752 2338 105
1784 2294 1934 2347 leges
1970 2308 2181 2346 ponere

469 2386 644 2431 dicere.
691 2385 819 2431 Dido
865 2387 990 2439 apud
1034 2386 1296 2441 Vergilium
1328 2387 1455 2432 idem
1487 2387 1594 2432 lacit
1624 2396 1764 2441 atque
1797 2388 1978 2433 Romae
2009 2389 2181 2433 summi

468 2481 770 2535 magistratus.

467 2575 564 2620 Hic
607 2577 738 2621 locus
783 2576 920 2630 igitur
964 2577 1080 2621 mihi
1125 2577 1243 2623 satis.
1279 2592 1517 2630 ponere
1564 2578 1822 2623 defendere
1868 2579 2076 2631 videtum
2130 2588 2180 2624 ut

468 2669 735 2715 Maecenati
787 2671 1064 2723 blandiatur,
1117 2672 1267 2717 verbo
1318 2672 1556 2726 aliquanto
1606 2673 1797 2718 lortiore
1850 2674 1995 2719 utitur
2036 2689 2178 2727 quam

467 2763 634 2809 usitato
664 2764 744 2810 illo
775 2765 924 2810 verbo
956 2767 987 2810 d
1000 2781 1028 2811 a
1043 2782 1067 2810 r
1081 2782 1122 2811 e.

468 2958 563 3003 Pro
594 2960 625 3004 h
642 2969 775 3005 oste
792 2975 828 3013 s,
859 2961 987 3014 quod
1019 2961 1120 3006 sine
1151 2962 1297 3007 dubio
1329 2972 1603 3016 corruptum
1635 2973 1718 3016 est,
1750 2979 1859 3009 cum
1893 2964 2179 3010 Marklando

467 3052 659 3098 sonasse
677 3054 927 3107 legendum
945 3070 956 3099 ε
979 3057 1183 3109 hastas;
1207 3072 1303 3101 non
1320 3066 1476 3103 tamen
1487 3067 1663 3103 certam
1680 3059 1832 3104 habeo
1846 3060 2179 3112 coniecturam,

466 3149 595 3200 quod
619 3148 755 3193 Medi
782 3150 1226 3203 sagittariierant3
1258 3152 1317 3196 de
1348 3153 1489 3197 hastis
1520 3168 1685 3198 eorum
1718 3154 1867 3199 rarius
1898 3155 2094 3208 legimus
2119 3155 2178 3199 cf.

470 3242 676 3288 Dionem
709 3243 927 3289 Cassium
958 3244 1064 3290 XL.
1096 3245 1167 3290 22.

337 3430 408 3476 35.
470 3431 585 3477 Non
617 3441 703 3485 ego
734 3433 928 3478 velifera
957 3434 1190 3479 tumidum
1223 3450 1351 3480 mare
1382 3435 1511 3481 findo
1536 3437 1706 3482 carina.
