2566 3886
330 1758 399 1804 14.

326 2271 396 2318 15.

1123 261 1389 308 -313-

466 391 623 436 libello
655 391 820 437 batave
851 392 1023 445 scripto
1054 389 1185 449 (Een
1218 407 1277 436 en
1310 393 1458 437 ander
1487 408 1605 438 over
1636 392 1908 446 Propertius
1940 408 1985 446 p.
2020 391 2102 450 13)
2132 402 2179 438 et

468 485 630 539 utique
662 486 763 531 eius
793 486 1172 531 emendationem
1205 501 1226 530 s
1243 501 1269 531 c
1287 487 1393 532 elu
1410 502 1432 532 s
1463 487 1781 540 recipiendam
1815 503 1918 533 esse
1949 502 2134 533 censeo.

465 580 646 626 Versus
680 581 809 626 ll.12
840 590 943 633 post
977 581 1031 626 14
1063 582 1437 634 transponendos
1469 597 1571 627 esse
1603 582 1717 627 mihi
1751 597 1859 627 cum
1890 582 2179 628 Baehrensio

466 674 643 721 Ottone
689 673 984 733 (Comment.
1033 677 1080 721 in
1127 677 1237 721 hon.
1281 676 1656 722 Reifferscheidit
1703 692 1747 729 p.
1782 675 1865 735 19)
1913 677 2178 722 Hartmano

463 784 737 822 persuasum
784 779 866 815 est.
917 771 1065 816 Recte
1097 771 1224 816 enim
1268 771 1427 816 scribit
1475 771 1614 816 Otto:
1648 772 1754 824 „die
1786 772 1951 817 Worte
1983 781 2040 817 at
2057 788 2087 826 q
2102 788 2132 817 u
2149 787 2176 816 e

463 880 494 909 u
511 864 573 909 bi
616 880 647 909 n
665 881 695 910 u
713 881 744 909 n
761 881 787 910 c
828 880 874 909 v.
913 865 964 910 11
999 867 1204 911 nehmen
1237 867 1329 911 den
1361 866 1573 920 gleichen
1606 865 1884 920 Satzanfang
1915 881 2010 911 von
2042 882 2088 911 v.
2123 866 2176 912 13

463 959 573 1004 ubi
606 975 776 1005 nunc
814 969 913 1006 est
944 961 1035 1013 auf,
1067 976 1254 1006 murus
1285 970 1443 1006 erant
1475 970 1690 1006 montes
1721 977 1766 1006 v.
1802 960 1855 1006 13
1894 962 2069 1006 εῐιῐῑιϊιΙῐ
2100 961 2178 1006 die

447 1054 683 1100 'Antwort
713 1055 799 1100 auf
823 1055 900 1100 die
933 1055 1083 1110 Frage
1114 1072 1159 1101 v.
1191 1055 1294 1101 9.10
1325 1057 1423 1101 und
1455 1056 1625 1110 kniipft
1656 1071 1715 1102 an
1747 1056 1824 1102 die
1857 1055 1994 1102 Saxa
2027 1057 2177 1102 Iovis

461 1163 520 1194 an
552 1150 650 1194 und
667 1149 855 1194 endlich
878 1151 964 1195 der
983 1150 1214 1196 Indicativ
1247 1159 1346 1196 sta
1362 1151 1392 1196 b
1409 1166 1435 1196 a
1452 1166 1482 1196 n
1500 1159 1517 1196 t
1549 1151 1669 1196 nach
1704 1167 1735 1204 q
1751 1167 1782 1196 u
1799 1166 1826 1195 a
1841 1159 1858 1195 t
1874 1166 1901 1196 e
1918 1167 1942 1196 r
1957 1160 2018 1197 et
2049 1156 2175 1197 ware

460 1244 708 1289 auffallend
750 1244 927 1290 ebenso
963 1245 1054 1290 wie
1086 1246 1168 1290 das
1201 1246 1382 1291 Fehlen
1414 1246 1500 1291 der
1531 1245 1865 1300 Coniunction.
1897 1246 2039 1292 Auch
2072 1248 2182 1292 darf

460 1339 589 1384 nicht
620 1339 884 1385 iibersehen
916 1340 1125 1392 werden,
1157 1326 1263 1386 dass
1295 1340 1372 1386 die
1403 1340 1574 1385 beiden
1597 1339 1889 1386 Gedanken:
1923 1340 2043 1393 „Wo
2062 1341 2175 1394 ietzt

460 1434 546 1478 der
577 1433 703 1478 Welt
735 1434 887 1479 Recht
903 1436 1193 1488 gesprochen
1211 1435 1344 1488 wird,
1363 1436 1559 1480 standen
1577 1435 1654 1480 die
1671 1435 1933 1481 sabinische
1951 1436 2173 1490 Krieger”

455 1529 554 1574 und
599 1528 721 1580 „Wo
764 1529 877 1583 ietzt
922 1530 1008 1574 der
1046 1529 1194 1575 Curie
1226 1531 1360 1583 steht,
1393 1532 1577 1576 triinkte
1609 1531 1694 1576 der
1724 1530 1978 1576 feindliche
2012 1531 2174 1576 Reiter

459 1624 559 1670 sein
592 1624 741 1669 Ross”
773 1633 863 1678 eng
892 1625 1138 1670 verwandt
1169 1625 1318 1670 sind”.

461 1759 656 1805 bellicus
687 1774 747 1805 ex
777 1759 856 1805 illo
889 1761 1016 1806 fonte
1048 1761 1237 1806 bibebat
1269 1776 1418 1816 equus

460 1853 729 1900 Pronomen
776 1855 914 1907 illo,
961 1871 1069 1900 cum
1117 1871 1212 1901 non
1259 1856 1441 1909 habeat,
1488 1872 1583 1911 quo
1615 1857 1858 1909 referatur,
1896 1864 2170 1910 corruptum

458 1949 639 2002 habeo;
688 1949 945 2003 Postgatius
983 1951 1030 1994 in
1063 1951 1269 1996 editione
1304 1950 1418 1996 1894
1450 1968 1525 1997 ex
1556 1952 1682 1996 illo
1713 1952 1761 1996 in
1794 1952 1965 1996 exili
1998 1960 2169 2004 mutat3

459 2043 602 2097 magis
633 2044 807 2089 arridet
838 2044 1227 2098 Waardenburgii
1259 2043 1465 2103 (Opusc.
1497 2062 1542 2099 p.
1574 2044 1687 2104 287)
1718 2046 1986 2092 inventum:

460 2138 654 2183 bellicus
686 2154 713 2183 e
744 2139 902 2184 vivo
932 2140 1059 2185 fonte
1091 2139 1280 2185 bibebat
1311 2156 1475 2195 equus.

458 2273 568 2318 hinc
600 2273 802 2328 Tarpeia
833 2275 949 2320 deae
980 2275 1159 2321 fontem
1191 2276 1353 2322 libavit

456 2367 566 2412 hinc
597 2368 626 2412 i.
658 2383 699 2413 e.
731 2384 819 2421 „ex
851 2369 941 2414 hoc
972 2370 1098 2415 fonte
1129 2370 1307 2416 fontem
1325 2371 1514 2417 libavit”
1531 2373 1787 2418 absurdum
1804 2380 1898 2425 est;
1916 2387 2024 2418 cum
2043 2372 2168 2417 Italis

459 2462 788 2516 corrigendum
821 2473 914 2509 est:
947 2466 977 2509 h
994 2465 1008 2510 i
1026 2481 1066 2510 c.

326 2597 394 2642 17.
414 2597 482 2644 18.
546 2599 656 2645 Hoc
702 2600 934 2646 distichon
981 2616 1089 2646 cum
1138 2602 1438 2649 Broukhusio
1471 2605 1753 2659 Rossbergio
1786 2604 2032 2650 Kraffertio
2063 2613 2168 2657 post

455 2709 646 2740 versum
693 2694 750 2740 92
781 2698 1182 2749 transponendum
1214 2714 1400 2744 censeo.
1439 2699 1695 2751 Quomodo
1727 2699 1929 2753 Tarpeia
1960 2699 2166 2744 accusari

456 2798 620 2842 potest,
652 2799 900 2845 antequam
933 2791 1120 2838 Tatium
1152 2793 1303 2839 vidit?

324 2923 395 2968 20.
457 2923 674 2970 Fortasse
706 2940 814 2970 cum
848 2926 1112 2973 Hartmano
1132 2926 1173 2986 1)
1204 2931 1577 2976 emendandum:

322 3246 396 3291 27.

693 3019 909 3074 pictaque
941 3037 1026 3073 per
1056 3023 1199 3068 flavas
1230 3025 1291 3069 lo
1304 3040 1328 3068 r
1344 3040 1371 3069 a
1401 3041 1448 3070 m
1466 3041 1495 3071 o
1511 3041 1543 3070 v
1560 3042 1587 3070 e
1603 3041 1628 3070 r
1643 3042 1669 3071 e
1701 3026 1833 3071 iubas

457 3112 515 3157 cf.
549 3112 650 3158 Een
683 3129 742 3158 en
775 3116 922 3160 ander
952 3131 1069 3162 over
1099 3117 1371 3171 Propertius
1402 3135 1447 3172 p.
1483 3120 1550 3164 14.

459 3247 620 3293 Primo
650 3249 806 3302 summ
838 3251 894 3295 cf.
930 3251 1273 3299 Rothsteinium
1307 3255 1365 3299 ad
1397 3256 1522 3300 hunc
1554 3271 1760 3301 versum.

372 3386 402 3432 ¹)
451 3391 571 3426 minu·
586 3393 705 3432 placet
720 3393 890 3429 Korschii
906 3395 1138 3431 coniectura:
1153 3393 1293 3439 (Nord.
1306 3399 1438 3433 tidskr.
1451 3400 1509 3434 sor
1533 3401 1622 3435 filol.
1648 3401 1712 3442 Ny
1738 3402 1876 3435 raekke
1891 3402 1927 3435 V
1946 3398 2164 3445 257—279).

606 3452 761 3494 fictaque
787 3466 852 3495 per
876 3455 988 3490 flavas
1014 3467 1115 3490 arma
1141 3468 1291 3492 movere
1316 3458 1407 3493 vias.
