2566 3886
1114 244 1379 291 —239—

455 378 586 423 locus
617 393 645 422 a
677 377 908 432 Postgatio
939 377 1103 423 citatus
1134 385 1346 422 nostrum
1377 385 1558 429 tuetur3
1589 377 1692 430 lego
1723 376 1860 430 igitur
1890 391 1998 421 cum
2028 376 2174 421 Baeh-

456 472 638 517 rensio:

607 576 702 612 tota
732 569 815 612 sed
847 568 1015 621 exiguo
1046 567 1239 613 flumine
1266 575 1424 612 nostra
1446 581 1578 612 mora
1600 574 1696 619 est;

455 663 512 707 cf.
531 662 625 707 Ov.
657 662 796 708 Trist.
830 663 891 716 ΙΙ,
908 662 1021 708 329:
1053 678 1148 708 non
1180 662 1288 707 ideo
1320 662 1461 707 debet
1491 662 1654 715 pelago
1686 676 1735 706 se
1767 662 1976 713 credere,
2008 661 2046 706 si
2078 675 2173 714 qua

1045 810 1047 812 ,
1087 758 1227 803 audet
1258 757 1307 802 in
1339 757 1507 810 exiguo
1538 756 1703 801 ludere
1734 756 1905 801 cumba
1935 757 2052 801 lacu.

320 945 452 992 37.38
513 962 608 992 ιιοιι
640 947 763 992 flebo
794 947 843 992 in
874 947 1057 993 cineres
1089 962 1246 992 arcem
1279 946 1455 992 sedisse
1486 955 1707 999 paternos

320 1993 391 2039 38.

318 2472 389 2517 44.

606 1041 777 1087 Cadmi
795 1075 806 1087 .
825 1075 836 1087 .
854 1075 865 1086 .
884 1075 895 1087 .

455 1137 523 1190 „P
537 1152 564 1182 a
576 1146 594 1182 t
607 1153 634 1182 e
648 1152 672 1182 r
684 1138 744 1182 ni
789 1138 886 1182 cin
900 1153 927 1183 e
941 1153 965 1182 r
978 1152 1004 1182 e
1021 1152 1056 1190 s,
1105 1136 1255 1190 inquit
1283 1136 1640 1190 Hertzbergius,
1684 1144 1791 1181 sunt
1822 1135 2005 1181 cineres
2037 1135 2171 1181 bellis

450 1232 665 1278 civilibus
695 1232 936 1285 conflati”;
979 1232 1070 1278 alio
1114 1233 1256 1277 modo
1296 1231 1556 1285 Postgatius
1600 1232 1814 1284 explicat,
1860 1232 1985 1285 apud
2028 1247 2168 1285 quem

453 1324 632 1385 (Select
663 1327 846 1381 Elegies
878 1342 922 1380 p.
957 1325 1068 1385 177)
1099 1327 1319 1381 legimus:
1364 1327 1581 1380 paterni
1628 1327 1848 1372 cineres
1895 1328 2003 1379 „the
2034 1327 2169 1372 ashes

453 1423 676 1476 resulting
691 1424 812 1468 from
830 1423 971 1468 Zeus'
987 1423 1266 1469 fatherhood
1290 1438 1345 1468 or
1366 1423 1538 1468 caused
1562 1423 1626 1476 by
1649 1422 1776 1468 Zeus
1798 1423 1910 1467 then
1934 1437 1961 1467 a
1978 1423 2169 1467 father''.

452 1517 753 1572 Quocunque
801 1518 943 1563 modo
990 1518 1090 1563 cin
1104 1533 1131 1564 e
1143 1533 1167 1563 r
1181 1533 1208 1563 e
1224 1533 1246 1564 s
1289 1533 1320 1571 p
1332 1533 1359 1563 a
1371 1527 1388 1563 t
1402 1533 1429 1563 e
1440 1534 1464 1562 r
1477 1534 1508 1563 n
1523 1533 1552 1563 o
1565 1533 1587 1563 s
1633 1518 1791 1571 vertis,
1838 1518 2013 1563 nullam
2058 1518 2168 1563 inde

451 1612 727 1658 sententiam
772 1613 942 1658 elicere
989 1622 1150 1666 potes;
1192 1628 1359 1658 verum
1391 1613 1483 1658 iam
1515 1612 1635 1658 vidit
1667 1612 1910 1664 Heinsius,
1954 1611 2036 1664 qui
2082 1626 2168 1663 pro

453 1721 484 1759 p
499 1722 527 1752 a
542 1715 559 1751 t
575 1722 602 1752 e
618 1722 642 1752 r
658 1722 689 1752 n
707 1722 736 1752 o
752 1722 773 1752 s
833 1707 1015 1761 scripsit
1063 1724 1094 1762 p
1108 1723 1135 1753 a
1147 1717 1165 1753 t
1178 1723 1205 1753 e
1219 1723 1243 1752 r
1256 1723 1287 1752 n
1302 1723 1329 1753 a
1342 1723 1403 1752 m.
1452 1707 1671 1752 Fortasse
1717 1707 1954 1759 aliquanto
2000 1705 2168 1751 melius

453 1801 650 1847 scribas:
683 1816 874 1847 arces
1057 1811 1390 1856 paternas.

454 1993 580 2040 Cum
615 1995 775 2049 Lipsio
807 1995 1109 2041 scribendum
1148 2004 1242 2040 est:
1281 2010 1302 2041 s
1319 2011 1346 2041 e
1362 2010 1393 2049 p
1410 2005 1427 2040 t
1444 2011 1471 2041 e
1491 2011 1538 2040 m
1584 2010 1671 2048 pro
1718 2010 1739 2040 s
1756 2010 1782 2040 e
1799 2010 1845 2040 m
1863 2009 1894 2047 p
1910 2009 1937 2039 e
1953 2010 1990 2046 r,
2037 1996 2165 2047 quod

453 2089 710 2144 Postgatius
741 2087 934 2148 (Select.
968 2090 1039 2136 El.
1071 2105 1115 2143 p.
1150 2088 1262 2148 178)
1293 2090 1461 2136 iniuria
1491 2090 1748 2136 deffendere
1779 2098 1987 2135 conatur.
2021 2088 2070 2134 N
2088 2104 2117 2134 o
2135 2106 2165 2134 n

452 2199 712 2237 semper
756 2185 943 2230 flebo
988 2200 1180 2239 prorsus
1224 2201 1320 2231 non
1366 2186 1624 2240 significare
1671 2194 1844 2238 potest:
1893 2198 2164 2238 „nunquam

450 2279 616 2332 flebo’',
646 2281 775 2333 quod
807 2280 882 2325 hic
914 2295 1009 2326 non
1031 2290 1338 2335 exspectatur.

451 2481 501 2517 et
531 2473 756 2519 cecinisse
788 2474 954 2527 modis,
986 2475 1104 2520 dure
1136 2483 1286 2527 poeta,
1318 2475 1422 2520 tuis.

452 2567 616 2614 Minus
646 2569 749 2614 veri
780 2569 931 2614 simile
962 2570 1077 2615 mihi
1109 2570 1297 2616 videtur
1328 2571 1419 2616 hoc
1450 2585 1608 2623 versu,
1641 2579 1691 2615 ut
1723 2570 1771 2615 in
1794 2570 1965 2623 priore,
1981 2570 2041 2615 de
2059 2568 2165 2615 Cal-

450 2662 651 2708 limacho
697 2678 963 2709 sermonem
1011 2679 1137 2717 esse;
1185 2666 1267 2710 sed
1315 2665 1497 2710 etiamsi
1544 2666 1635 2710 hoc
1667 2665 1863 2710 credere
1895 2665 1981 2717 vis,
2013 2665 2164 2709 dure

450 2757 640 2803 defendi
686 2773 781 2803 non
828 2767 1004 2812 potest3
1051 2774 1160 2804 nam
1208 2759 1256 2803 in
1294 2774 1452 2811 versu,
1484 2774 1626 2812 quem
1659 2760 1767 2805 citat
1799 2759 1987 2805 Ellisius
2018 2757 2162 2817 (JPh.

448 2852 560 2905 XV,
592 2867 637 2905 p.
672 2851 754 2910 18)
785 2853 933 2898 Anth.
965 2853 1063 2898 Pal.
1097 2854 1133 2905 Ι,
1168 2853 1207 2905 l,
1241 2853 1312 2898 21.
1345 2853 1428 2898 22:
1460 2853 1553 2910 ἡδύ
1581 2870 1629 2899 τε
1649 2857 1826 2911 μύρτον
1839 2853 2162 2912 Καλλιμάχου,

450 2945 685 3003 στυφελοῦ
724 2949 889 3004 μεστὸν
937 2945 1011 2991 ἀεὶ
1051 2946 1233 3004 μέλιτος
1276 2949 1468 3001 epitheti
1511 2947 1739 3005 στυφελός
1780 2949 2003 3001 asperitas
2046 2949 2162 2994 miti-

448 3049 579 3094 gatur
624 3042 784 3087 addito
830 3042 1119 3087 substantivo
1163 3041 1294 3098 μέλη
1346 3051 1505 3088 nostro
1546 3044 1651 3088 loco
1690 3044 1762 3088 du
1778 3058 1882 3089 rus
1913 3059 2022 3089 cum
2054 3059 2162 3089 con-

448 3144 629 3189 temptu
673 3136 851 3181 dictum
894 3136 1163 3189 videretur;
1206 3137 1444 3190 aliquanto
1478 3137 1644 3182 melior
1676 3137 1860 3183 Fosteri
1891 3139 2162 3183 coniectura

447 3227 550 3287 (Cl.
597 3230 718 3275 Phil.
766 3230 828 3283 ΙΙ,
878 3245 923 3283 p.
970 3228 1083 3288 216)
1130 3231 1331 3276 docte.
1373 3231 1609 3284 Equidem
1642 3240 1802 3277 nostro
1834 3232 2047 3284 disticho,
2079 3232 2160 3277 ubi

447 3332 627 3369 tantum
667 3325 727 3369 de
758 3324 1044 3370 carminibus
1076 3325 1324 3378 amatoriis,
1356 3341 1511 3379 neque
1543 3326 1603 3371 de
1635 3325 1780 3379 epicis
1811 3341 1967 3371 sermo
1999 3335 2082 3379 est,
2114 3335 2160 3371 et

449 3417 727 3464 Callimachi
771 3427 817 3464 et
859 3419 1070 3464 Philetae
1114 3434 1288 3465 nomen
1333 3429 1578 3473 exspect03
1622 3419 1841 3465 omnibus
1873 3410 1998 3465 enim
2031 3420 2159 3472 locis,
