2566 3886
321 397 391 442 39.

1123 262 1359 308 -95-

452 396 644 442 inferior
675 397 821 441 multo
852 410 960 441 cum
993 395 1079 440 sim
1112 395 1189 440 vel
1221 403 1367 440 marte
1399 395 1476 439 vel
1507 394 1648 439 armis

453 492 519 536 sic
558 507 666 537 cum
704 490 944 536 codicibus
976 489 1021 535 O
1057 490 1204 535 edidit
1247 489 1564 534 Phillimorius
1608 489 1905 541 Propertium
1938 489 2008 534 bis
2039 489 2165 534 idem

453 587 687 632 dicentem
704 586 900 638 faciens;
917 586 1097 640 corrige
1113 594 1269 631 tamen
1286 600 1393 630 cum
1411 585 1575 630 codice
1593 585 1732 630 Laur.
1749 584 1934 629 Vallae:
1965 600 2012 629 m
2023 600 2051 630 a
2062 594 2079 630 t
2090 600 2115 629 r
2126 600 2166 630 e.

1062 903 1317 950 ELEGIA
1350 904 1435 949 IX.

456 1059 524 1104 Ut
555 1059 700 1112 elegia
730 1068 907 1110 octava,
939 1073 1079 1112 quam
1112 1058 1255 1103 modo
1286 1058 1599 1110 tractavimus,
1632 1059 1747 1103 haec
1779 1073 1968 1112 quoque
1999 1073 2026 1103 a
2056 1058 2170 1104 viris

455 1153 603 1198 doctis
664 1154 883 1198 lacunosa
932 1153 1087 1198 habita
1132 1162 1215 1205 est,
1262 1168 1416 1207 neque
1463 1162 1618 1198 tamen
1666 1162 1792 1198 recte
1839 1162 1889 1198 ut
1935 1169 2020 1199 suo
2066 1155 2171 1199 loco

455 1248 804 1302 explicabimus.
837 1247 963 1293 Nam
996 1263 1145 1302 usque
1176 1249 1235 1293 ad
1267 1263 1457 1293 versum
1490 1248 1548 1293 40
1579 1249 1737 1294 omnia
1768 1249 1890 1295 bene
1912 1251 2171 1302 procedere

458 1358 598 1389 nemo
629 1343 796 1388 infitias
827 1342 923 1387 ibit.

456 1533 566 1578 Hoc
583 1547 724 1578 versu
743 1532 1059 1578 Phillimorius
1082 1532 1251 1578 iniuria
1273 1532 1450 1585 sprevit
1472 1533 1721 1579 lectionem
1754 1534 1850 1579 eie
1864 1543 1963 1580 cto
1994 1534 2170 1580 codicis

458 1629 504 1673 D
535 1644 647 1682 prae
679 1630 889 1674 electo
935 1637 1199 1673 ceterorum
1244 1628 1693 1682 manuscriptorum:
1733 1629 1843 1675 vide
1881 1638 2171 1684 quantopere

458 1724 671 1777 langueat
701 1723 943 1776 sententia,
975 1723 1012 1768 si
1045 1723 1106 1768 ita
1122 1723 1369 1768 vertimus:
1402 1724 1484 1768 sed
1516 1724 1711 1769 fortasse
1744 1740 1854 1770 mox
1885 1726 2001 1770 alter
2022 1725 2174 1770 carior

457 1818 540 1864 tibi
572 1818 659 1864 erit
690 1834 830 1872 quam
863 1818 939 1863 hic
970 1818 1071 1871 ipse
1102 1834 1242 1872 quem
1275 1818 1466 1872 elegisti.

460 1913 730 1967 Risbergius
753 1911 1028 1971 (Emendat.
1051 1923 1096 1958 et
1118 1914 1284 1967 explic.
1307 1930 1352 1968 p.
1374 1911 1456 1971 ll)
1487 1929 1676 1968 quoque
1708 1915 1763 1960 el
1778 1931 1804 1960 e
1818 1924 1917 1961 cto
1948 1917 2171 1969 defendit,

458 2009 540 2054 sed
564 2009 839 2054 sententiam
862 2009 1000 2054 nimis
1026 2009 1195 2054 exilem
1224 2023 1326 2054 esse
1343 2009 1443 2062 ipse
1460 2009 1662 2055 ostendit
1678 2025 1762 2055 sua
1777 2010 2172 2065 interpretatione,

458 2119 567 2149 cum
589 2103 736 2149 verba
752 2104 927 2158 aliquot
942 2104 1118 2149 addere
1135 2104 1178 2149 ei
1195 2104 1511 2150 necessarium
1528 2105 1797 2151 videretur:
1816 2106 2172 2159 „vehementius

459 2198 652 2252 quidem
691 2199 900 2244 eiecto
938 2207 1007 2244 est
1044 2196 1125 2257 (ἱ),
1167 2200 1250 2244 sed
1289 2214 1397 2244 cum
1429 2199 1644 2245 irrisione
1676 2202 1877 2254 quadam
1910 2201 2017 2246 satis
2049 2202 2171 2247 bene

459 2294 718 2340 diceretur:
751 2310 862 2339 mox
893 2294 1009 2339 alter
1040 2294 1191 2339 carior
1222 2294 1310 2339 erit
1340 2309 1481 2348 quam
1519 2295 1596 2340 hic
1624 2295 1724 2348 ipse
1752 2311 1894 2349 quem
1923 2296 2005 2341 tibi
2036 2294 2175 2354 [nunc

459 2387 763 2448 carissimum]
796 2390 1014 2443 elegisti’'.

459 2483 709 2530 Praeterea
754 2485 1104 2530 excludere
1136 2485 1196 2530 de
1228 2485 1346 2537 viro,
1379 2486 1593 2531 eicere
1625 2487 1685 2531 de
1706 2487 1882 2532 femina
1910 2487 2002 2532 dici
2029 2487 2176 2540 suspi-

459 2587 614 2624 catur:
653 2579 709 2624 οἱ.
749 2579 890 2631 Prop.
931 2579 992 2631 II,
1030 2579 1101 2631 21,
1144 2579 1222 2632 11;
1259 2577 1409 2637 (Hor.
1448 2580 1506 2625 C.
1545 2581 1631 2633 III,
1665 2581 1707 2633 9,
1740 2581 1811 2634 20,
1843 2597 1984 2636 quem
2018 2583 2172 2627 locum

459 2673 559 2726 ipse
602 2672 766 2732 addo).
812 2674 968 2719 Inanis
1012 2674 1228 2727 suspicio,
1272 2676 1400 2728 quod
1439 2684 1486 2720 et
1516 2676 1592 2721 alii
1625 2676 1714 2721 loci
1746 2685 1793 2721 et
1823 2677 1899 2722 hic
1932 2677 2173 2722 Plautinus

461 2769 618 2814 docet:
642 2769 861 2814 Asinaria
885 2770 920 2822 Ι,
939 2768 980 2821 3,
997 2769 1026 2814 9
1041 2767 1113 2827 (v.
1134 2769 1232 2821 161,
1251 2768 1499 2829 Lindsay),
1517 2771 1597 2816 ubi
1614 2771 1910 2825 Argyrippus
1928 2771 2175 2817 Clearetae

466 2863 600 2908 lenae
632 2863 766 2909 dicit:

465 2972 609 3010 quom
640 2967 690 3003 tu
722 2959 831 3003 med
848 2967 898 3003 ut
920 2959 1112 3004 meritus
1135 2974 1238 3004 sum
1257 2974 1351 3004 non
1377 2969 1544 3006 tractas
1560 2959 1758 3019 (quom)
1775 2977 1868 3015 que
1887 2962 1999 3007 eicis
2019 2963 2177 3007 domo.

465 3147 1052 3200 quamquamHousmanni
1084 3149 1353 3194 coniectura
1384 3150 1663 3195 visuram
1695 3166 1782 3204 pro
1814 3151 2004 3196 visura
2028 3152 2179 3204 palae-

468 3241 716 3294 ographice
756 3242 931 3295 optime
974 3243 1165 3287 defendi
1209 3251 1373 3296 potest,
1416 3244 1560 3288 credo
1602 3253 1757 3289 tamen
1804 3260 1912 3289 cum
1944 3245 2177 3291 Vahleno.

465 3332 784 3392 (Monatsber.
803 3336 922 3382 Κὸιι.
955 3337 1140 3381 Preuss.
1171 3337 1328 3382 Akad.
1360 3338 1405 3382 d.
1423 3337 1561 3383 Wiss.
1596 3338 1723 3391 1881,
1747 3354 1792 3391 p.
1819 3337 1932 3397 341)
1962 3339 2180 3386 visura

467 3443 631 3474 sanum
648 3445 765 3476 esse.
783 3431 1005 3477 Conferri
1021 3439 1172 3483 potest
1187 3433 1314 3485 quod
1344 3433 1484 3486 vulgo
1518 3433 1702 3479 citatur:
1732 3448 1753 3478 s
1765 3449 1792 3478 e
1804 3449 1835 3479 n
1848 3434 1925 3479 sit
1950 3449 1997 3479 m
2010 3449 2037 3479 e
2049 3435 2147 3480 dio
2159 3450 2180 3479 s
