2566 3886
308 1068 380 1113 24.

309 1642 381 1687 28.

1118 274 1349 320 -40-

439 402 555 446 Dies
602 402 658 447 ist
707 404 982 448 vermieden
1030 405 1077 450 in
1125 406 1210 451 der
1256 422 1351 451 von
1400 407 1671 462 Hertzberg
1728 411 2151 466 vorgeschlagenen

441 496 779 542 Emendation:
822 514 880 543 an
923 499 1037 544 mihi
1080 516 1242 545 nunc
1285 510 1372 553 etc,
1415 502 1491 547 die
1532 504 1803 548 ausserdem
1836 505 1929 550 den
1958 506 2155 561 vorzug

441 592 532 643 hat,
565 593 685 644 dass,
718 593 778 637 da
809 594 886 638 die
919 593 1055 639 Siitze
1088 596 1224 639 mehr
1254 597 1535 650 geschieden
1554 599 1672 651 sind,
1695 600 1743 644 in
1766 601 1875 645 dem
1898 611 2052 647 ersten
2073 604 2155 648 das

440 687 543 731 hier
573 687 710 732 allein
744 690 974 740 passende
1006 698 1096 734 est
1126 687 1282 748 (nicht
1314 690 1444 751 sit!)
1475 694 1575 738 sich
1607 698 1840 748 ergfinzen
1873 697 1995 741 lasst.

442 783 534 827 His
565 784 849 836 argumentis
881 785 1111 830 adductus
1137 795 1223 839 ego
1242 802 1433 840 quoque
1455 804 1564 834 cum
1586 789 1852 836 Hartmano
1870 791 2155 837 lenissimam

445 878 748 932 Hertzbergii
780 880 1159 926 emendationem
1192 882 1510 936 recipiendam
1543 899 1645 929 esse
1676 894 1803 938 puto.

443 1068 570 1115 Cum
604 1069 856 1115 Fonteinio
888 1071 1138 1124 legendum
1172 1080 1267 1116 est:

605 1181 634 1210 o
648 1181 695 1210 m
708 1166 765 1210 ni
809 1175 858 1211 tu
898 1175 1084 1212 nostrae
1129 1177 1146 1212 t
1159 1184 1186 1213 e
1199 1184 1246 1212 m
1259 1183 1290 1221 p
1302 1184 1331 1213 o
1345 1185 1368 1213 r
1378 1185 1405 1214 e
1446 1170 1643 1223 laetitae,

442 1261 571 1313 quod
603 1261 705 1305 iure
737 1261 784 1305 in
816 1270 945 1306 textu
965 1273 1223 1315 posuerunt
1244 1264 1556 1310 Baehrensius
1577 1275 1622 1311 et
1642 1266 1915 1320 Postgatius.
1951 1267 2157 1313 Causam

442 1358 735 1409 corruptelae
768 1357 1081 1403 Baehrensius
1112 1367 1240 1404 recte
1272 1360 1493 1412 explicat:
1526 1361 1741 1406 librarius
1773 1362 1899 1407 enim
1929 1362 2157 1414 pluralem

443 1461 687 1497 nostrae
730 1453 1009 1498 laetitiae
1051 1470 1147 1499 non
1179 1455 1380 1508 agnovit.

444 1642 555 1687 Hoc
572 1658 713 1688 versu
731 1643 900 1689 iniuria
915 1660 942 1689 a
959 1645 1114 1690 multis
1131 1646 1244 1691 viris
1261 1647 1410 1691 doctis
1426 1647 1662 1700 spernitur
1679 1648 1902 1693 Italorum
1929 1648 2159 1693 correctio

444 1738 671 1783 dabant
711 1754 798 1791 pro
840 1740 1085 1785 dabunt.

1037 2125 1293 2171 ELEGIA
1323 2127 1435 2172 XII.

446 2311 576 2362 Quid
608 2310 723 2354 mihi
755 2310 962 2355 desidiae
995 2326 1090 2355 non
1122 2324 1275 2355 cessas
1307 2309 1481 2362 fingere
1513 2309 1706 2361 crimen,

564 2406 691 2458 quod
723 2405 858 2450 faciat
891 2405 1027 2450 nobis
1058 2405 1245 2450 conscia
1277 2404 1431 2449 Roma
1461 2403 1660 2448 moran?

446 2502 622 2547 Utrum
670 2509 961 2554 pentameter
1006 2501 1145 2546 huius
1191 2500 1377 2545 distichi
1418 2509 1637 2552 corrupte
1669 2500 1726 2545 sit
1756 2501 1950 2546 traditus
1996 2517 2161 2554 necne,

446 2597 536 2642 viri
567 2596 693 2642 docti
731 2596 1010 2641 dissentiunt
1041 2595 1308 2640 Audiamus
1341 2595 1546 2647 primum
1578 2610 1674 2647 eos,
1706 2596 1787 2648 qui
1819 2596 1966 2640 verba
1995 2596 2160 2641 tradita

446 2706 558 2737 sana
589 2706 692 2736 esse
723 2699 900 2744 putant.

448 2786 769 2832 Rothsteinius
785 2787 902 2831 haec
918 2786 1082 2830 habett
1108 2785 1297 2830 Roma
1316 2785 1574 2830 conscia
1593 2785 1747 2830 lacit
1765 2785 1914 2830 mihi
1935 2800 2161 2830 moram

448 2883 505 2928 ist
536 2883 618 2927 das
651 2881 897 2935 Gegenteil
929 2897 1024 2926 von
1057 2881 1376 2926 consciam
1410 2881 1660 2925 Romam
1692 2895 1811 2925 non
1843 2895 2063 2925 moror.

445 2978 601 3030 Falso,
650 2992 768 3022 non
816 2991 1023 3021 moror
1070 2975 1195 3021 enim
1243 2983 1312 3020 est
1358 2975 1532 3020 locutio
1578 2991 1638 3020 ex
1679 2990 1897 3020 sermone
1928 2975 2162 3020 cotidiano

446 3074 601 3127 petita,
647 3088 768 3126 quae
814 3072 987 3117 sensim
1019 3072 1078 3116 ad
1110 3071 1232 3116 hanc
1277 3070 1659 3124 significationem
1706 3070 1936 3122 pervenit,
1982 3071 2066 3114 sed
2103 3085 2163 3115 ex

445 3171 535 3215 hoc
551 3185 639 3215 usu
671 3184 767 3214 non
799 3168 1025 3221 sequitur,
1058 3175 1108 3212 ut
1139 3167 1278 3212 etiam
1311 3181 1539 3211 moram
1571 3166 1787 3210 facere
1818 3166 1988 3210 eodem
2019 3165 2162 3210 modo

445 3265 667 3318 explicari
699 3265 856 3318 possit.

446 3360 771 3406 Broukhusius
804 3360 970 3405 melius
1001 3359 1220 3404 carminis
1251 3358 1434 3402 initium
1466 3355 1671 3408 pedestri
1702 3355 1912 3399 oratione
1943 3354 2162 3406 explicat:

445 3456 647 3508 videtur,
695 3454 858 3507 inquit,
912 3454 989 3499 vel
1021 3453 1187 3499 Tullus
1219 3453 1297 3498 vel
1329 3451 1509 3503 Gallus,
1540 3459 1619 3496 aut
1650 3449 1965 3503 potentiorum
1997 3447 2163 3501 aliquis
