2566 3886
369 772 439 817 17.

363 1246 434 1292 23.

356 2201 428 2246 25.

1156 259 1424 306 ——103—

501 393 594 439 Sed
625 408 803 446 sensus,
834 407 976 447 quem
1009 391 1256 437 Rothstein
1288 391 1390 436 iure
1422 391 1570 444 poscit
1602 391 1745 445 magis
1776 391 2024 445 perspicue
2061 390 2213 444 expri-

502 488 657 540 mitur,
700 488 738 533 si
785 502 971 532 mecum
1018 495 1154 540 post
1184 502 1271 541 pro
1314 486 1541 532 adverbio
1572 487 1717 532 habes
1749 495 1795 532 et
1826 486 2113 540 equitem
2163 486 2211 531 in

502 583 778 637 equitum
811 591 976 628 mutas.

500 781 547 817 et
577 772 615 817 si
647 787 740 826 qua
770 771 992 817 extremis
1023 771 1159 817 tellus
1190 786 1240 817 se
1272 771 1501 817 subtrahit
1531 771 1640 823 oris,

650 866 816 911 sentiat
846 867 923 911 illa
953 875 1054 912 tuas
1085 875 1190 919 post
1221 866 1365 911 modo
1397 875 1531 918 capta
1561 881 1741 911 manus.

499 962 631 1006 Licet
678 961 949 1015 Propertius
995 961 1230 1006 interdum
1277 961 1580 1006 coniunctivo
1627 976 1714 1014 pro
1746 962 1901 1007 tuturo
1933 971 2102 1015 utatur,
2134 963 2211 1008 hic

495 1057 654 1101 futuro
685 1071 803 1109 opus
835 1064 917 1108 est,
950 1071 1010 1101 ne
1042 1065 1169 1101 certa
1199 1056 1565 1110 praedictio
1597 1072 1684 1110 pro
1715 1065 1865 1102 voto
1896 1056 2136 1102 habeatur.

497 1247 563 1292 sic
594 1262 680 1292 nos
710 1262 851 1299 nunc,
883 1246 1051 1300 inopes
1083 1247 1233 1292 laudis
1265 1247 1586 1292 conscendere
1617 1261 1808 1292 carmen

499 1342 645 1387 Recte
691 1341 935 1387 Vahlenus
979 1341 1137 1398 (Mon.
1172 1341 1298 1387 PrA.
1343 1340 1471 1394 1881,
1519 1358 1564 1395 p.
1612 1341 1699 1387 346
1730 1340 1820 1400 sq.)
1851 1352 1956 1397 post
1986 1359 2208 1390 conscen-

496 1437 639 1482 dendi
676 1437 877 1482 verbum
921 1437 1204 1482 vocabulum
1249 1445 1532 1490 montem,
1564 1453 1768 1484 arcem
1801 1439 1878 1484 vel
1911 1438 2062 1484 simile
2093 1439 2207 1493 quid

495 1531 750 1576 desiderari
782 1531 1045 1584 contendit3
1077 1546 1218 1585 quam
1250 1531 1313 1576 ob
1344 1546 1446 1576 rem
1480 1531 1734 1577 Heinsium
1767 1542 1954 1579 secutus
1970 1549 2057 1587 pro
2089 1550 2208 1580 car-

496 1641 629 1672 men
679 1628 884 1672 culmen
930 1627 1128 1681 reponit.
1175 1627 1300 1672 Mihi
1353 1628 1497 1682 magis
1543 1629 1695 1681 placet
1740 1630 1937 1682 pulchra
1984 1630 2203 1676 Palmerii

495 1723 762 1769 coniectura
794 1722 854 1767 in
886 1737 1103 1774 arcem,
1135 1722 1194 1767 cf.
1227 1721 1304 1767 Sil.
1338 1723 1436 1768 Ital.
1468 1723 1606 1775 XIII,
1640 1723 1750 1768 771:

642 1818 720 1863 via
749 1827 795 1863 te
826 1819 885 1863 ad
918 1833 1123 1863 summas
1154 1819 1346 1864 laudum
1377 1834 1508 1864 arces
1541 1819 1839 1872 pta-duxerin

490 1913 602 1959 Tac.
635 1914 759 1959 Dial.
794 1914 873 1959 10:
907 1914 955 1959 in
987 1929 1143 1960 arcem
1176 1915 1471 1968 eloquentiae
1503 1915 1640 1968 terri3

492 2009 654 2061 Quint.
686 2009 798 2062 XII,
834 2010 902 2062 11,
935 2009 992 2055 28
1023 2025 1179 2055 arcem
1212 2010 1505 2065 elequentiae
1537 2019 1714 2057 tenere.

488 2201 583 2246 Pro
615 2202 881 2247 nondum
914 2202 1100 2247 etiam
1130 2217 1237 2247 cum
1255 2201 1508 2248 Fonteinio
1525 2203 1628 2256 lego
1650 2204 1919 2248 nondum
1952 2203 2202 2248 etenim.

490 2296 616 2342 Nam
659 2297 767 2342 licet
798 2312 824 2342 e
838 2297 880 2341 ti
894 2312 921 2342 a
934 2313 981 2342 m
1019 2297 1239 2351 explicari
1272 2298 1430 2351 possit,
1450 2297 1484 2354 ¹)
1523 2298 1790 2343 coniunctio
1821 2298 2016 2343 causalis
2046 2307 2202 2344 tamen

488 2400 626 2445 aegre
657 2391 964 2437 desideratur.

1088 2783 1344 2829 ELEGIA
1375 2783 1462 2829 XI.

487 2925 592 2969 Hos
639 2940 721 2970 sex
767 2941 932 2970 versus
980 2925 1244 2970 Hartmano
1290 2934 1336 2970 et
1372 2926 1668 2971 Rothsteinio
1715 2927 2050 2979 praeeuntibus
2088 2943 2196 2973 cum

485 3028 643 3064 nostra
673 3020 818 3073 elegia
847 3020 1198 3073 coniungendos
1230 3034 1331 3065 esse
1364 3021 1478 3065 mihi
1510 3036 1783 3074 persuasum
1816 3022 1982 3066 habeo.

402 3443 428 3490 ¹)
476 3447 522 3482 ct.
549 3447 705 3482 Vahlen.
733 3443 955 3483 Mon-PrA.
984 3446 1071 3483 1881
1100 3458 1133 3489 p.
1159 3447 1248 3483 ³48:
1274 3448 1320 3483 cs.
1348 3448 1372 3489 Ι,
1398 3447 1432 3490 3,
1461 3448 1523 3489 11;
1553 3449 1576 3489 Ι,
1603 3447 1637 3489 9,
1668 3447 1722 3483 17.
