<?xml version="1.0" encoding="UTF-8"?>
<!DOCTYPE html PUBLIC "-//W3C//DTD XHTML 1.0 Transitional//EN"
    "http://www.w3.org/TR/xhtml1/DTD/xhtml1-transitional.dtd">
<html xmlns="http://www.w3.org/1999/xhtml" xml:lang="en" lang="en">
 <head>
  <title>
</title>
<meta http-equiv="Content-Type" content="text/html;charset=utf-8" />
  <meta name='ocr-system' content='tesseract 3.04.00' />
  <meta name='ocr-capabilities' content='ocr_page ocr_carea ocr_par ocr_line ocrx_word'/>
</head>
<body>
  <div class='ocr_page' id='page_1' title='image "./adpropertiicarmi00enkpuoft_0205.png"; bbox 0 0 2566 3886; ppageno 0'>
   <div class='ocr_carea' id='block_1_1' title="bbox 338 2017 410 2064">
    <p class='ocr_par' dir='ltr' id='par_1_1' title="bbox 338 2017 410 2064">
     <span class='ocr_line' id='line_1_1' title="bbox 338 2017 410 2064; baseline -0.014 0"><span class='ocrx_word' id='word_1_1' title='bbox 338 2017 410 2064; x_wconf 88' lang='lat'>61.</span> 
     </span>
    </p>
   </div>
   <div class='ocr_carea' id='block_1_2' title="bbox 1133 270 1398 316">
    <p class='ocr_par' dir='ltr' id='par_1_2' title="bbox 1133 270 1398 316">
     <span class='ocr_line' id='line_1_2' title="bbox 1133 270 1398 316; baseline -0.004 0"><span class='ocrx_word' id='word_1_2' title='bbox 1133 270 1398 316; x_wconf 86' lang='lat'>—189—</span> 
     </span>
    </p>
   </div>
   <div class='ocr_carea' id='block_1_3' title="bbox 474 401 2196 1501">
    <p class='ocr_par' dir='ltr' id='par_1_3' title="bbox 478 401 2196 1024">
     <span class='ocr_line' id='line_1_3' title="bbox 482 401 2196 466; baseline 0 -18"><span class='ocrx_word' id='word_1_3' title='bbox 482 418 590 448; x_wconf 88' lang='lat' dir='ltr'>cum</span> <span class='ocrx_word' id='word_1_4' title='bbox 634 402 868 466; x_wconf 79' lang='lat' dir='ltr'>prioribus</span> <span class='ocrx_word' id='word_1_5' title='bbox 910 401 1237 455; x_wconf 83' lang='lat' dir='ltr'>coniungenda</span> <span class='ocrx_word' id='word_1_6' title='bbox 1279 410 1411 454; x_wconf 90' lang='lat' dir='ltr'>sunt;</span> <span class='ocrx_word' id='word_1_7' title='bbox 1456 409 1501 446; x_wconf 93' lang='lat' dir='ltr'>et</span> <span class='ocrx_word' id='word_1_8' title='bbox 1538 401 1860 456; x_wconf 89' lang='lat' dir='ltr'>unusquisque</span> <span class='ocrx_word' id='word_1_9' title='bbox 1890 403 2007 448; x_wconf 90' lang='lat' dir='ltr'>haec</span> <span class='ocrx_word' id='word_1_10' title='bbox 2038 403 2196 456; x_wconf 77' lang='lat' dir='ltr'>legens</span> 
     </span>
     <span class='ocr_line' id='line_1_4' title="bbox 482 496 2194 552; baseline 0.001 -10"><span class='ocrx_word' id='word_1_11' title='bbox 482 506 675 552; x_wconf 82' lang='lat' dir='ltr'>quaeret</span> <span class='ocrx_word' id='word_1_12' title='bbox 712 512 740 541; x_wconf 88' lang='lat' dir='ltr'>a</span> <span class='ocrx_word' id='word_1_13' title='bbox 775 512 871 551; x_wconf 89' lang='lat' dir='ltr'>quo</span> <span class='ocrx_word' id='word_1_14' title='bbox 916 496 1028 541; x_wconf 93' lang='lat' dir='ltr'>inde</span> <span class='ocrx_word' id='word_1_15' title='bbox 1070 505 1282 549; x_wconf 90' lang='lat' dir='ltr'>tempore</span> <span class='ocrx_word' id='word_1_16' title='bbox 1329 511 1484 541; x_wconf 92' lang='lat' dir='ltr'>mores</span> <span class='ocrx_word' id='word_1_17' title='bbox 1530 497 1688 550; x_wconf 87' lang='lat' dir='ltr'>pudici</span> <span class='ocrx_word' id='word_1_18' title='bbox 1721 498 1883 543; x_wconf 89' lang='lat' dir='ltr'>mutati</span> <span class='ocrx_word' id='word_1_19' title='bbox 1914 498 2018 543; x_wconf 90' lang='lat' dir='ltr'>sint.</span> <span class='ocrx_word' id='word_1_20' title='bbox 2051 498 2194 550; x_wconf 91' lang='lat' dir='ltr'>Quod</span> 
     </span>
     <span class='ocr_line' id='line_1_5' title="bbox 482 591 2195 643; baseline 0.001 -6"><span class='ocrx_word' id='word_1_21' title='bbox 482 593 540 637; x_wconf 90' lang='lat' dir='ltr'>ad</span> <span class='ocrx_word' id='word_1_22' title='bbox 573 592 927 637; x_wconf 88' lang='lat' dir='ltr'>incommodum</span> <span class='ocrx_word' id='word_1_23' title='bbox 960 591 1305 636; x_wconf 90' lang='lat' dir='ltr'>removendum</span> <span class='ocrx_word' id='word_1_24' title='bbox 1337 591 1542 643; x_wconf 93' lang='lat' dir='ltr'>Vulpius</span> <span class='ocrx_word' id='word_1_25' title='bbox 1573 606 1715 637; x_wconf 91' lang='lat' dir='ltr'>versu</span> <span class='ocrx_word' id='word_1_26' title='bbox 1747 591 1804 636; x_wconf 89' lang='grc'>53</span> <span class='ocrx_word' id='word_1_27' title='bbox 1835 601 1893 637; x_wconf 91' lang='lat' dir='ltr'>et</span> <span class='ocrx_word' id='word_1_28' title='bbox 1924 592 1972 637; x_wconf 90' lang='lat' dir='ltr'>in</span> <span class='ocrx_word' id='word_1_29' title='bbox 2003 601 2061 638; x_wconf 91' lang='lat' dir='ltr'>at</span> <span class='ocrx_word' id='word_1_30' title='bbox 2097 609 2195 638; x_wconf 90' lang='lat' dir='ltr'>mu-</span> 
     </span>
     <span class='ocr_line' id='line_1_6' title="bbox 483 686 1826 742; baseline -0.001 -10"><span class='ocrx_word' id='word_1_31' title='bbox 483 688 610 740; x_wconf 87' lang='lat' dir='ltr'>tavit,</span> <span class='ocrx_word' id='word_1_32' title='bbox 642 703 784 742; x_wconf 87' lang='lat' dir='ltr'>quem</span> <span class='ocrx_word' id='word_1_33' title='bbox 817 687 1130 732; x_wconf 90' lang='lat' dir='ltr'>Baehrensius</span> <span class='ocrx_word' id='word_1_34' title='bbox 1161 695 1208 731; x_wconf 90' lang='lat' dir='ltr'>et</span> <span class='ocrx_word' id='word_1_35' title='bbox 1238 686 1497 740; x_wconf 82' lang='lat' dir='ltr'>Postgatius</span> <span class='ocrx_word' id='word_1_36' title='bbox 1528 687 1675 731; x_wconf 90' lang='lat' dir='ltr'>secuti</span> <span class='ocrx_word' id='word_1_37' title='bbox 1706 695 1826 732; x_wconf 89' lang='lat' dir='ltr'>sunt.</span> 
     </span>
     <span class='ocr_line' id='line_1_7' title="bbox 479 781 2195 835; baseline 0.001 -7"><span class='ocrx_word' id='word_1_38' title='bbox 479 781 572 828; x_wconf 92' lang='lat' dir='ltr'>Sed</span> <span class='ocrx_word' id='word_1_39' title='bbox 603 791 738 828; x_wconf 87' lang='lat' dir='ltr'>acute</span> <span class='ocrx_word' id='word_1_40' title='bbox 769 782 987 827; x_wconf 89' lang='lat' dir='ltr'>observat</span> <span class='ocrx_word' id='word_1_41' title='bbox 1016 782 1347 827; x_wconf 89' lang='lat' dir='ltr'>Lachmannus</span> <span class='ocrx_word' id='word_1_42' title='bbox 1376 781 1674 834; x_wconf 86' lang='lat' dir='ltr'>Propertium</span> <span class='ocrx_word' id='word_1_43' title='bbox 1698 781 1954 828; x_wconf 86' lang='lat' dir='ltr'>rectissime</span> <span class='ocrx_word' id='word_1_44' title='bbox 1976 797 2195 835; x_wconf 81' lang='lat' dir='ltr'>peccasse</span> 
     </span>
     <span class='ocr_line' id='line_1_8' title="bbox 478 879 884 931; baseline -0.005 -8"><span class='ocrx_word' id='word_1_45' title='bbox 478 879 656 931; x_wconf 88' lang='lat' dir='ltr'>puellas</span> <span class='ocrx_word' id='word_1_46' title='bbox 686 886 884 931; x_wconf 78' lang='lat' dir='ltr'>negare:</span> 
     </span>
     <span class='ocr_line' id='line_1_9' title="bbox 747 955 1910 1024; baseline 0 -7"><span class='ocrx_word' id='word_1_47' title='bbox 747 955 856 1017; x_wconf 84' lang='lat' dir='ltr'>cum</span> <span class='ocrx_word' id='word_1_48' title='bbox 889 970 1193 1017; x_wconf 80' lang='lat' dir='ltr'>Deucalionis</span> <span class='ocrx_word' id='word_1_49' title='bbox 1224 985 1373 1024; x_wconf 88' lang='lat' dir='ltr'>aquae</span> <span class='ocrx_word' id='word_1_50' title='bbox 1404 970 1583 1016; x_wconf 87' lang='lat' dir='ltr'>fluxere</span> <span class='ocrx_word' id='word_1_51' title='bbox 1614 986 1700 1024; x_wconf 89' lang='lat' dir='ltr'>per</span> <span class='ocrx_word' id='word_1_52' title='bbox 1730 972 1910 1024; x_wconf 86' lang='lat' dir='ltr'>orbem,</span> 
     </span>
    </p>

    <p class='ocr_par' dir='ltr' id='par_1_4' title="bbox 476 1065 2010 1220">
     <span class='ocr_line' id='line_1_10' title="bbox 477 1065 1926 1120; baseline -0.001 -7"><span class='ocrx_word' id='word_1_53' title='bbox 477 1083 586 1113; x_wconf 91' lang='lat' dir='ltr'>cum</span> <span class='ocrx_word' id='word_1_54' title='bbox 618 1075 916 1120; x_wconf 86' lang='lat' dir='ltr'>superessent</span> <span class='ocrx_word' id='word_1_55' title='bbox 949 1067 1044 1112; x_wconf 94' lang='lat' dir='ltr'>duo</span> <span class='ocrx_word' id='word_1_56' title='bbox 1075 1067 1123 1111; x_wconf 93' lang='lat' dir='ltr'>in</span> <span class='ocrx_word' id='word_1_57' title='bbox 1155 1074 1252 1111; x_wconf 91' lang='lat' dir='ltr'>toto</span> <span class='ocrx_word' id='word_1_58' title='bbox 1283 1074 1513 1111; x_wconf 88' lang='lat' dir='ltr'>terrarum</span> <span class='ocrx_word' id='word_1_59' title='bbox 1546 1065 1662 1111; x_wconf 91' lang='lat' dir='ltr'>orbe</span> <span class='ocrx_word' id='word_1_60' title='bbox 1694 1068 1926 1112; x_wconf 84' lang='lat' dir='ltr'>mortales.</span> 
     </span>
     <span class='ocr_line' id='line_1_11' title="bbox 476 1158 2010 1220; baseline 0 -12"><span class='ocrx_word' id='word_1_61' title='bbox 476 1162 638 1208; x_wconf 86' lang='lat' dir='ltr'>Scribe</span> <span class='ocrx_word' id='word_1_62' title='bbox 669 1162 807 1216; x_wconf 78' lang='lat' dir='ltr'>igitur</span> <span class='ocrx_word' id='word_1_63' title='bbox 836 1177 945 1206; x_wconf 89' lang='lat' dir='ltr'>cum</span> <span class='ocrx_word' id='word_1_64' title='bbox 976 1161 1221 1206; x_wconf 87' lang='lat' dir='ltr'>Vahleno:</span> <span class='ocrx_word' id='word_1_65' title='bbox 1253 1158 1418 1218; x_wconf 88' lang='lat' dir='ltr'>(Mon.</span> <span class='ocrx_word' id='word_1_66' title='bbox 1452 1160 1529 1205; x_wconf 89' lang='lat' dir='ltr'>Pr.</span> <span class='ocrx_word' id='word_1_67' title='bbox 1560 1161 1623 1213; x_wconf 85' lang='lat' dir='ltr'>A,</span> <span class='ocrx_word' id='word_1_68' title='bbox 1659 1160 1769 1207; x_wconf 92' lang='grc'>1881</span> <span class='ocrx_word' id='word_1_69' title='bbox 1804 1178 1848 1215; x_wconf 88' lang='lat' dir='ltr'>p.</span> <span class='ocrx_word' id='word_1_70' title='bbox 1881 1160 2010 1220; x_wconf 87' lang='lat'><strong>356.)</strong></span> 
     </span>
    </p>

    <p class='ocr_par' dir='ltr' id='par_1_5' title="bbox 474 1254 1709 1404">
     <span class='ocr_line' id='line_1_12' title="bbox 625 1254 1574 1309; baseline -0.001 -8"><span class='ocrx_word' id='word_1_71' title='bbox 625 1257 701 1302; x_wconf 92' lang='lat' dir='ltr'>hic</span> <span class='ocrx_word' id='word_1_72' title='bbox 733 1271 835 1301; x_wconf 89' lang='lat' dir='ltr'>mos</span> <span class='ocrx_word' id='word_1_73' title='bbox 866 1254 1066 1301; x_wconf 88' lang='lat' dir='ltr'>Saturno</span> <span class='ocrx_word' id='word_1_74' title='bbox 1095 1264 1239 1309; x_wconf 78' lang='lat' dir='ltr'>regna</span> <span class='ocrx_word' id='word_1_75' title='bbox 1268 1264 1457 1301; x_wconf 91' lang='lat' dir='ltr'>tenente</span> <span class='ocrx_word' id='word_1_76' title='bbox 1486 1255 1574 1301; x_wconf 89' lang='lat' dir='ltr'>fuit</span> 
     </span>
     <span class='ocr_line' id='line_1_13' title="bbox 474 1350 1709 1404; baseline -0.002 -5"><span class='ocrx_word' id='word_1_77' title='bbox 474 1362 520 1399; x_wconf 92' lang='lat' dir='ltr'>et</span> <span class='ocrx_word' id='word_1_78' title='bbox 551 1367 659 1398; x_wconf 92' lang='lat' dir='ltr'>cum</span> <span class='ocrx_word' id='word_1_79' title='bbox 691 1351 994 1397; x_wconf 82' lang='lat' dir='ltr'>Deucalionis</span> <span class='ocrx_word' id='word_1_80' title='bbox 1025 1365 1174 1404; x_wconf 89' lang='lat' dir='ltr'>aquae</span> <span class='ocrx_word' id='word_1_81' title='bbox 1205 1350 1383 1396; x_wconf 86' lang='lat' dir='ltr'>fluxere</span> <span class='ocrx_word' id='word_1_82' title='bbox 1414 1366 1500 1404; x_wconf 91' lang='lat' dir='ltr'>per</span> <span class='ocrx_word' id='word_1_83' title='bbox 1530 1351 1709 1397; x_wconf 88' lang='lat' dir='ltr'>orbem.</span> 
     </span>
    </p>

    <p class='ocr_par' dir='ltr' id='par_1_6' title="bbox 622 1446 1589 1501">
     <span class='ocr_line' id='line_1_14' title="bbox 622 1446 1589 1501; baseline 0 -9"><span class='ocrx_word' id='word_1_84' title='bbox 622 1447 691 1493; x_wconf 84' lang='lat' dir='ltr'>At</span> <span class='ocrx_word' id='word_1_85' title='bbox 720 1455 824 1501; x_wconf 89' lang='lat' dir='ltr'>post</span> <span class='ocrx_word' id='word_1_86' title='bbox 854 1447 1066 1500; x_wconf 84' lang='lat' dir='ltr'>antiquas</span> <span class='ocrx_word' id='word_1_87' title='bbox 1098 1446 1401 1491; x_wconf 84' lang='lat' dir='ltr'>Deucalionis</span> <span class='ocrx_word' id='word_1_88' title='bbox 1431 1462 1589 1500; x_wconf 86' lang='lat' dir='ltr'>aquas,</span> 
     </span>
    </p>
   </div>
   <div class='ocr_carea' id='block_1_4' title="bbox 473 1542 1748 1596">
    <p class='ocr_par' dir='ltr' id='par_1_7' title="bbox 473 1542 1748 1596">
     <span class='ocr_line' id='line_1_15' title="bbox 473 1542 1748 1596; baseline -0.002 -7"><span class='ocrx_word' id='word_1_89' title='bbox 473 1543 549 1589; x_wconf 91' lang='lat' dir='ltr'>dic</span> <span class='ocrx_word' id='word_1_90' title='bbox 581 1542 710 1595; x_wconf 88' lang='lat' dir='ltr'>mihi,</span> <span class='ocrx_word' id='word_1_91' title='bbox 742 1542 847 1596; x_wconf 90' lang='lat' dir='ltr'>quis</span> <span class='ocrx_word' id='word_1_92' title='bbox 878 1542 1026 1595; x_wconf 88' lang='lat' dir='ltr'>potuit</span> <span class='ocrx_word' id='word_1_93' title='bbox 1057 1542 1229 1586; x_wconf 91' lang='lat' dir='ltr'>lectum</span> <span class='ocrx_word' id='word_1_94' title='bbox 1261 1556 1451 1586; x_wconf 89' lang='lat' dir='ltr'>servare</span> <span class='ocrx_word' id='word_1_95' title='bbox 1482 1542 1748 1596; x_wconf 75' lang='lat' dir='ltr'>pudicum?</span> 
     </span>
    </p>
   </div>
   <div class='ocr_carea' id='block_1_5' title="bbox 474 1731 2185 1790">
    <p class='ocr_par' dir='ltr' id='par_1_8' title="bbox 474 1731 2185 1790">
     <span class='ocr_line' id='line_1_16' title="bbox 474 1731 2185 1790; baseline 0.002 -12"><span class='ocrx_word' id='word_1_96' title='bbox 474 1732 722 1778; x_wconf 86' lang='lat' dir='ltr'>Praeterea</span> <span class='ocrx_word' id='word_1_97' title='bbox 753 1747 894 1778; x_wconf 90' lang='lat' dir='ltr'>versu</span> <span class='ocrx_word' id='word_1_98' title='bbox 927 1731 984 1777; x_wconf 87' lang='lat'>54</span> <span class='ocrx_word' id='word_1_99' title='bbox 1015 1747 1102 1786; x_wconf 90' lang='lat' dir='ltr'>pro</span> <span class='ocrx_word' id='word_1_100' title='bbox 1133 1747 1160 1777; x_wconf 90' lang='lat' dir='ltr'>a</span> <span class='ocrx_word' id='word_1_101' title='bbox 1174 1747 1205 1777; x_wconf 91' lang='lat' dir='ltr'>n</span> <span class='ocrx_word' id='word_1_102' title='bbox 1219 1740 1236 1777; x_wconf 93' lang='lat' dir='ltr'>t</span> <span class='ocrx_word' id='word_1_103' title='bbox 1249 1732 1264 1776; x_wconf 92' lang='lat' dir='ltr'>i</span> <span class='ocrx_word' id='word_1_104' title='bbox 1278 1748 1309 1786; x_wconf 89' lang='lat' dir='ltr'><strong>q</strong></span> <span class='ocrx_word' id='word_1_105' title='bbox 1323 1748 1354 1777; x_wconf 94' lang='lat' dir='ltr'>u</span> <span class='ocrx_word' id='word_1_106' title='bbox 1369 1747 1396 1777; x_wconf 88' lang='lat' dir='ltr'>a</span> <span class='ocrx_word' id='word_1_107' title='bbox 1408 1747 1429 1777; x_wconf 95' lang='lat' dir='ltr'>s</span> <span class='ocrx_word' id='word_1_108' title='bbox 1460 1747 1569 1777; x_wconf 92' lang='lat' dir='ltr'>cum</span> <span class='ocrx_word' id='word_1_109' title='bbox 1602 1733 1889 1779; x_wconf 85' lang='lat' dir='ltr'>Marklando</span> <span class='ocrx_word' id='word_1_110' title='bbox 1936 1749 1960 1779; x_wconf 90' lang='lat' dir='ltr'>a</span> <span class='ocrx_word' id='word_1_111' title='bbox 1974 1751 2005 1780; x_wconf 93' lang='lat' dir='ltr'>n</span> <span class='ocrx_word' id='word_1_112' title='bbox 2019 1744 2037 1780; x_wconf 96' lang='lat' dir='ltr'>t</span> <span class='ocrx_word' id='word_1_113' title='bbox 2053 1736 2067 1780; x_wconf 92' lang='lat' dir='ltr'>i</span> <span class='ocrx_word' id='word_1_114' title='bbox 2081 1752 2112 1790; x_wconf 89' lang='lat' dir='ltr'><strong>q</strong></span> <span class='ocrx_word' id='word_1_115' title='bbox 2125 1736 2185 1781; x_wconf 90' lang='lat' dir='ltr'>ui</span> 
     </span>
    </p>
   </div>
   <div class='ocr_carea' id='block_1_6' title="bbox 472 1828 813 1882">
    <p class='ocr_par' dir='ltr' id='par_1_9' title="bbox 472 1828 813 1882">
     <span class='ocr_line' id='line_1_17' title="bbox 472 1828 813 1882; baseline -0.006 -8"><span class='ocrx_word' id='word_1_116' title='bbox 472 1828 813 1882; x_wconf 74' lang='lat' dir='ltr'>corrigendum.</span> 
     </span>
    </p>
   </div>
   <div class='ocr_carea' id='block_1_7' title="bbox 472 2017 2184 2548">
    <p class='ocr_par' dir='ltr' id='par_1_10' title="bbox 472 2017 2184 2548">
     <span class='ocr_line' id='line_1_18' title="bbox 472 2017 1633 2072; baseline 0.002 -10"><span class='ocrx_word' id='word_1_117' title='bbox 472 2018 599 2072; x_wconf 90' lang='lat' dir='ltr'>quod</span> <span class='ocrx_word' id='word_1_118' title='bbox 631 2018 669 2062; x_wconf 87' lang='lat' dir='ltr'>si</span> <span class='ocrx_word' id='word_1_119' title='bbox 699 2026 750 2062; x_wconf 95' lang='lat' dir='ltr'>tu</span> <span class='ocrx_word' id='word_1_120' title='bbox 782 2017 950 2063; x_wconf 87' lang='lat' dir='ltr'>Graias</span> <span class='ocrx_word' id='word_1_121' title='bbox 981 2027 1125 2072; x_wconf 91' lang='lat' dir='ltr'>tuque</span> <span class='ocrx_word' id='word_1_122' title='bbox 1157 2034 1207 2064; x_wconf 91' lang='lat' dir='ltr'>es</span> <span class='ocrx_word' id='word_1_123' title='bbox 1239 2019 1414 2064; x_wconf 88' lang='lat' dir='ltr'>imitata</span> <span class='ocrx_word' id='word_1_124' title='bbox 1445 2019 1633 2064; x_wconf 90' lang='lat' dir='ltr'>Latinas</span> 
     </span>
     <span class='ocr_line' id='line_1_19' title="bbox 473 2111 2184 2168; baseline 0.004 -11"><span class='ocrx_word' id='word_1_125' title='bbox 473 2111 600 2158; x_wconf 87' lang='lat' dir='ltr'>Cum</span> <span class='ocrx_word' id='word_1_126' title='bbox 632 2127 694 2158; x_wconf 92' lang='lat' dir='ltr'>es</span> <span class='ocrx_word' id='word_1_127' title='bbox 725 2113 921 2165; x_wconf 87' lang='lat' dir='ltr'>produci</span> <span class='ocrx_word' id='word_1_128' title='bbox 954 2122 1168 2167; x_wconf 88' lang='lat' dir='ltr'>nequeat,</span> <span class='ocrx_word' id='word_1_129' title='bbox 1201 2115 1439 2167; x_wconf 90' lang='lat' dir='ltr'>quaeritur</span> <span class='ocrx_word' id='word_1_130' title='bbox 1467 2114 1547 2168; x_wconf 92' lang='lat' dir='ltr'>qui</span> <span class='ocrx_word' id='word_1_131' title='bbox 1577 2130 1742 2160; x_wconf 92' lang='lat' dir='ltr'>versus</span> <span class='ocrx_word' id='word_1_132' title='bbox 1767 2115 1825 2160; x_wconf 92' lang='lat' dir='ltr'>sit</span> <span class='ocrx_word' id='word_1_133' title='bbox 1847 2117 2184 2164; x_wconf 87' lang='lat' dir='ltr'>emendandus.</span> 
     </span>
     <span class='ocr_line' id='line_1_20' title="bbox 474 2207 1587 2260; baseline 0.003 -9"><span class='ocrx_word' id='word_1_134' title='bbox 474 2207 547 2252; x_wconf 86' lang='lat' dir='ltr'>Ex</span> <span class='ocrx_word' id='word_1_135' title='bbox 577 2207 857 2252; x_wconf 90' lang='lat' dir='ltr'>coniecturis</span> <span class='ocrx_word' id='word_1_136' title='bbox 888 2208 1135 2260; x_wconf 89' lang='lat' dir='ltr'>propositis</span> <span class='ocrx_word' id='word_1_137' title='bbox 1166 2209 1258 2254; x_wconf 90' lang='lat' dir='ltr'>cito</span> <span class='ocrx_word' id='word_1_138' title='bbox 1290 2209 1587 2254; x_wconf 87' lang='lat' dir='ltr'>Baehrensii:</span> 
     </span>
     <span class='ocr_line' id='line_1_21' title="bbox 622 2299 1807 2359; baseline 0.004 -13"><span class='ocrx_word' id='word_1_139' title='bbox 622 2302 750 2356; x_wconf 89' lang='lat' dir='ltr'>quod</span> <span class='ocrx_word' id='word_1_140' title='bbox 782 2302 820 2347; x_wconf 91' lang='lat' dir='ltr'>si</span> <span class='ocrx_word' id='word_1_141' title='bbox 851 2311 901 2347; x_wconf 92' lang='lat' dir='ltr'>tu</span> <span class='ocrx_word' id='word_1_142' title='bbox 933 2302 1101 2348; x_wconf 88' lang='lat' dir='ltr'>Graias</span> <span class='ocrx_word' id='word_1_143' title='bbox 1132 2318 1182 2348; x_wconf 91' lang='lat' dir='ltr'>es</span> <span class='ocrx_word' id='word_1_144' title='bbox 1212 2312 1357 2358; x_wconf 88' lang='lat' dir='ltr'>tuque</span> <span class='ocrx_word' id='word_1_145' title='bbox 1388 2304 1563 2349; x_wconf 89' lang='lat' dir='ltr'>imitata</span> <span class='ocrx_word' id='word_1_146' title='bbox 1579 2299 1807 2359; x_wconf 62' lang='lat' dir='ltr'>&#39;Latinas;</span> 
     </span>
     <span class='ocr_line' id='line_1_22' title="bbox 473 2396 778 2449; baseline 0 -7"><span class='ocrx_word' id='word_1_147' title='bbox 473 2396 778 2449; x_wconf 88' lang='lat' dir='ltr'>Lachmanni,</span> 
     </span>
     <span class='ocr_line' id='line_1_23' title="bbox 622 2491 1733 2548; baseline 0.004 -12"><span class='ocrx_word' id='word_1_148' title='bbox 622 2492 750 2545; x_wconf 89' lang='lat' dir='ltr'>quod</span> <span class='ocrx_word' id='word_1_149' title='bbox 782 2492 819 2537; x_wconf 90' lang='lat' dir='ltr'>si</span> <span class='ocrx_word' id='word_1_150' title='bbox 851 2501 901 2537; x_wconf 90' lang='lat' dir='ltr'>tu</span> <span class='ocrx_word' id='word_1_151' title='bbox 934 2491 1102 2537; x_wconf 89' lang='lat' dir='ltr'>Graias</span> <span class='ocrx_word' id='word_1_152' title='bbox 1132 2508 1306 2547; x_wconf 88' lang='lat' dir='ltr'>aeques</span> <span class='ocrx_word' id='word_1_153' title='bbox 1336 2493 1510 2539; x_wconf 90' lang='lat' dir='ltr'>imitata</span> <span class='ocrx_word' id='word_1_154' title='bbox 1543 2495 1733 2548; x_wconf 83' lang='lat' dir='ltr'>Latina;</span> 
     </span>
    </p>
   </div>
   <div class='ocr_carea' id='block_1_8' title="bbox 473 2585 1716 2649">
    <p class='ocr_par' dir='ltr' id='par_1_11' title="bbox 473 2585 1716 2649">
     <span class='ocr_line' id='line_1_24' title="bbox 473 2585 1716 2649; baseline 0.003 -18"><span class='ocrx_word' id='word_1_155' title='bbox 473 2585 597 2631; x_wconf 87' lang='lat' dir='ltr'>Mihi</span> <span class='ocrx_word' id='word_1_156' title='bbox 628 2586 831 2632; x_wconf 87' lang='lat' dir='ltr'>maxime</span> <span class='ocrx_word' id='word_1_157' title='bbox 861 2587 1035 2632; x_wconf 90' lang='lat' dir='ltr'>arridet</span> <span class='ocrx_word' id='word_1_158' title='bbox 1068 2587 1215 2633; x_wconf 91' lang='lat' dir='ltr'>Ellisii</span> <span class='ocrx_word' id='word_1_159' title='bbox 1246 2586 1390 2647; x_wconf 88' lang='lat' dir='ltr'>(JPh.</span> <span class='ocrx_word' id='word_1_160' title='bbox 1423 2589 1496 2634; x_wconf 92' lang='lat' dir='ltr'>IX</span> <span class='ocrx_word' id='word_1_161' title='bbox 1526 2606 1571 2643; x_wconf 89' lang='lat' dir='ltr'>p.</span> <span class='ocrx_word' id='word_1_162' title='bbox 1603 2588 1716 2649; x_wconf 89' lang='grc'>235)</span> 
     </span>
    </p>
   </div>
   <div class='ocr_carea' id='block_1_9' title="bbox 622 2682 1827 2735">
    <p class='ocr_par' dir='ltr' id='par_1_12' title="bbox 622 2682 1827 2735">
     <span class='ocr_line' id='line_1_25' title="bbox 622 2682 1827 2735; baseline 0.004 -9"><span class='ocrx_word' id='word_1_163' title='bbox 622 2682 750 2735; x_wconf 87' lang='lat' dir='ltr'>quod</span> <span class='ocrx_word' id='word_1_164' title='bbox 782 2682 820 2727; x_wconf 95' lang='lat' dir='ltr'>si</span> <span class='ocrx_word' id='word_1_165' title='bbox 851 2691 901 2727; x_wconf 92' lang='lat' dir='ltr'>tu</span> <span class='ocrx_word' id='word_1_166' title='bbox 934 2682 1101 2728; x_wconf 90' lang='lat' dir='ltr'>Graias</span> <span class='ocrx_word' id='word_1_167' title='bbox 1132 2683 1232 2728; x_wconf 90' lang='lat' dir='ltr'>sive</span> <span class='ocrx_word' id='word_1_168' title='bbox 1263 2699 1314 2729; x_wconf 93' lang='lat' dir='ltr'>es</span> <span class='ocrx_word' id='word_1_169' title='bbox 1345 2692 1394 2729; x_wconf 93' lang='lat' dir='ltr'>tu</span> <span class='ocrx_word' id='word_1_170' title='bbox 1422 2684 1597 2730; x_wconf 90' lang='lat' dir='ltr'>imitata</span> <span class='ocrx_word' id='word_1_171' title='bbox 1624 2685 1827 2731; x_wconf 89' lang='lat' dir='ltr'>Latinas.</span> 
     </span>
    </p>
   </div>
   <div class='ocr_carea' id='block_1_10' title="bbox 1190 2803 1332 2809">
    <p class='ocr_par' dir='ltr' id='par_1_13' title="bbox 1190 2803 1332 2809">
     <span class='ocr_line' id='line_1_26' title="bbox 1190 2803 1332 2809; baseline 0 0"><span class='ocrx_word' id='word_1_172' title='bbox 1190 2803 1332 2809; x_wconf 95' lang='lat' dir='ltr'> </span> 
     </span>
    </p>
   </div>
   <div class='ocr_carea' id='block_1_11' title="bbox 993 2930 1514 2977">
    <p class='ocr_par' dir='ltr' id='par_1_14' title="bbox 993 2930 1514 2977">
     <span class='ocr_line' id='line_1_27' title="bbox 993 2930 1514 2977; baseline 0.004 -2"><span class='ocrx_word' id='word_1_173' title='bbox 993 2930 1247 2976; x_wconf 86' lang='lat' dir='ltr'>ELEGIA</span> <span class='ocrx_word' id='word_1_174' title='bbox 1277 2932 1514 2977; x_wconf 86' lang='lat' dir='ltr'><strong>XXXIII.</strong></span> 
     </span>
    </p>
   </div>
   <div class='ocr_carea' id='block_1_12' title="bbox 470 3058 2179 3300">
    <p class='ocr_par' dir='ltr' id='par_1_15' title="bbox 470 3058 2179 3300">
     <span class='ocr_line' id='line_1_28' title="bbox 470 3058 1561 3113; baseline 0.004 -11"><span class='ocrx_word' id='word_1_175' title='bbox 470 3072 795 3111; x_wconf 89' lang='lat' dir='ltr'>quaecumque</span> <span class='ocrx_word' id='word_1_176' title='bbox 825 3058 902 3103; x_wconf 87' lang='lat' dir='ltr'>illa</span> <span class='ocrx_word' id='word_1_177' title='bbox 932 3059 1029 3111; x_wconf 77' lang='lat' dir='ltr'>tuit,</span> <span class='ocrx_word' id='word_1_178' title='bbox 1061 3075 1246 3113; x_wconf 90' lang='lat' dir='ltr'>semper</span> <span class='ocrx_word' id='word_1_179' title='bbox 1276 3076 1432 3105; x_wconf 84' lang='lat' dir='ltr'>amara</span> <span class='ocrx_word' id='word_1_180' title='bbox 1461 3062 1561 3107; x_wconf 86' lang='lat' dir='ltr'>fuit.</span> 
     </span>
     <span class='ocr_line' id='line_1_29' title="bbox 471 3151 2179 3215; baseline 0.005 -19"><span class='ocrx_word' id='word_1_181' title='bbox 471 3151 690 3197; x_wconf 86' lang='lat' dir='ltr'>Fortasse</span> <span class='ocrx_word' id='word_1_182' title='bbox 704 3161 830 3197; x_wconf 89' lang='lat' dir='ltr'>recte</span> <span class='ocrx_word' id='word_1_183' title='bbox 844 3153 1027 3205; x_wconf 90' lang='lat' dir='ltr'>scripsit</span> <span class='ocrx_word' id='word_1_184' title='bbox 1041 3154 1347 3199; x_wconf 87' lang='lat' dir='ltr'>Housmanus</span> <span class='ocrx_word' id='word_1_185' title='bbox 1364 3152 1417 3213; x_wconf 86' lang='lat' dir='ltr'>(J</span> <span class='ocrx_word' id='word_1_186' title='bbox 1423 3155 1507 3200; x_wconf 94' lang='lat' dir='ltr'>Ph.</span> <span class='ocrx_word' id='word_1_187' title='bbox 1523 3156 1660 3201; x_wconf 92' lang='lat' dir='ltr'><strong>XVI.</strong></span> <span class='ocrx_word' id='word_1_188' title='bbox 1669 3171 1714 3208; x_wconf 88' lang='lat' dir='ltr'>p.</span> <span class='ocrx_word' id='word_1_189' title='bbox 1722 3154 1776 3215; x_wconf 92' lang='lat'>8)</span> <span class='ocrx_word' id='word_1_190' title='bbox 1793 3158 2179 3212; x_wconf 90' lang='lat' dir='ltr'>quodcumque</span> 
     </span>
     <span class='ocr_line' id='line_1_30' title="bbox 471 3244 1204 3300; baseline 0.003 -10"><span class='ocrx_word' id='word_1_191' title='bbox 471 3246 529 3290; x_wconf 73' lang='lat' dir='ltr'>ci.</span> <span class='ocrx_word' id='word_1_192' title='bbox 562 3246 599 3297; x_wconf 86' lang='grc' dir='ltr'>Ι,</span> <span class='ocrx_word' id='word_1_193' title='bbox 633 3244 703 3298; x_wconf 88' lang='lat'>19,</span> <span class='ocrx_word' id='word_1_194' title='bbox 737 3246 816 3290; x_wconf 85' lang='lat'>11:</span> <span class='ocrx_word' id='word_1_195' title='bbox 848 3247 1076 3300; x_wconf 91' lang='lat' dir='ltr'>quidquid</span> <span class='ocrx_word' id='word_1_196' title='bbox 1108 3263 1204 3292; x_wconf 89' lang='lat' dir='ltr'>ero.</span> 
     </span>
    </p>
   </div>
   <div class='ocr_carea' id='block_1_13' title="bbox 341 3431 1363 3488">
    <p class='ocr_par' dir='ltr' id='par_1_16' title="bbox 341 3431 1363 3488">
     <span class='ocr_line' id='line_1_31' title="bbox 341 3431 1363 3488; baseline 0.005 -11"><span class='ocrx_word' id='word_1_197' title='bbox 341 3431 410 3477; x_wconf 90' lang='lat'>12.</span> <span class='ocrx_word' id='word_1_198' title='bbox 471 3433 678 3478; x_wconf 87' lang='lat' dir='ltr'>mansisti</span> <span class='ocrx_word' id='word_1_199' title='bbox 709 3433 899 3479; x_wconf 84' lang='lat' dir='ltr'>stabulis</span> <span class='ocrx_word' id='word_1_200' title='bbox 929 3435 1085 3480; x_wconf 85' lang='lat' dir='ltr'>abdita</span> <span class='ocrx_word' id='word_1_201' title='bbox 1115 3444 1243 3488; x_wconf 87' lang='lat' dir='ltr'>pasta</span> <span class='ocrx_word' id='word_1_202' title='bbox 1273 3437 1363 3482; x_wconf 91' lang='lat' dir='ltr'>tuis</span> 
     </span>
    </p>
   </div>
  </div>
 </body>
</html>
