2566 3886
306 1588 379 1633 24.

308 2984 379 3030 33.

1122 267 1329 313 -8-...

436 408 563 444 recte
589 414 639 444 se
667 399 855 443 habere.
883 398 1010 444 Cum
1038 407 1198 444 nostro
1224 400 1328 444 loco
1354 400 1722 452 comparandum
1749 408 1818 444 est
1843 400 2150 453 fragmentum

438 493 497 538 C.
549 493 662 538 Julii
715 492 933 538 Caesaris
980 492 1219 538 Strabonis
1287 509 1347 538 ex
1407 493 1614 539 Adrasto
1675 492 1838 552 (Trag.
1900 494 2037 538 Rom.
2093 495 2150 539 fr.

439 588 670 640 Ribbeck,
704 603 747 640 p.
780 586 923 646 227):

555 699 664 728 cum
696 683 846 735 capita
876 684 1016 728 viridi
1048 685 1180 729 lauro
1211 685 1370 729 velare
1402 684 1632 737 imperant

556 779 812 830 prophetae
844 779 1004 831 sancti,
1037 788 1161 824 casta
1192 780 1273 833 qui
1317 788 1543 832 purant
1586 795 1776 825 sacra.

440 873 509 918 Hi
540 874 631 918 loci
669 874 790 918 inter
828 888 878 918 se
918 874 1204 920 defendunt:
1252 875 1375 927 pius
1423 884 1468 920 et
1514 890 1688 927 purus
1735 877 1935 920 eandem
1980 876 2154 922 habent

436 969 678 1022 originem.

436 1064 647 1109 Luciano
690 1063 928 1110 Muellero
966 1065 1150 1118 neganti
1200 1080 1378 1110 sacra
1426 1066 1604 1119 piare
1641 1066 1833 1111 defendi
1870 1081 2008 1119 posse
2044 1082 2153 1112 cum

438 1160 514 1204 alii
542 1160 808 1205 sacerdotes
837 1175 933 1205 non
962 1161 1117 1205 minus
1146 1176 1287 1213 quam
1318 1162 1438 1214 magi
1466 1161 1530 1205 illi
1559 1161 1794 1206 sacrificiis
1821 1162 2015 1207 redditis
2040 1162 2155 1207 deos

437 1255 621 1307 placare
662 1255 754 1299 sint
794 1255 915 1300 soliti
956 1256 1131 1308 optime
1172 1256 1426 1308 respondet
1466 1256 1527 1300 A.
1572 1256 1744 1310 Frigell
1785 1255 1857 1314 (p.
1901 1255 2006 1315 14):
2049 1257 2155 1310 „hic

437 1365 553 1394 vero
589 1365 685 1394 non
724 1350 917 1395 omnino
956 1351 1016 1395 de
1053 1351 1289 1396 sacrificiis
1327 1351 1581 1396 reddendis
1613 1351 1774 1404 agitur,
1806 1352 1890 1396 sed
1921 1352 1982 1397 de
2013 1353 2155 1398 sacris

438 1445 486 1490 in
519 1445 707 1498 magicis
738 1446 856 1490 locis
887 1446 1084 1498 piandis,
1117 1447 1246 1499 quod
1278 1447 1471 1499 quidem
1503 1446 1822 1492 veneficarum
1853 1447 1981 1492 erat”
2002 1445 2056 1505 ¹).

442 1603 580 1641 posse
611 1587 876 1640 Cythalinis
908 1589 1084 1633 ducere
1116 1589 1415 1634 carminibus.

439 1682 515 1728 Sic
546 1691 838 1735 pentameter
868 1684 1035 1736 legitur
1065 1683 1112 1728 in
1145 1683 1210 1728 N.
1251 1684 1583 1729 Lachmannus
1629 1699 1737 1730 cum
1782 1684 2002 1737 Guyeto:
2050 1684 2156 1738 Cy-

440 1779 704 1831 taeaeis;
750 1778 1007 1829 Κυταιαῖος
1036 1794 1064 1823 a
1107 1778 1291 1822 Κυταία
1334 1787 1485 1831 potest
1516 1779 1640 1831 duci,
1672 1788 1723 1824 ut
1752 1778 1919 1830 Αἰαῒος
1949 1780 2008 1825 ab
2037 1778 2155 1833 Αἴα;

441 1874 620 1919 Medea
650 1883 762 1919 tunc
794 1874 1090 1928 significatur,
1123 1874 1180 1918 cf.
1215 1875 1275 1919 II.
1308 1874 1350 1918 4.
1383 1874 1408 1918 7
1443 1890 1538 1919 non
1580 1875 1656 1919 hic
1693 1875 1841 1919 herba
1884 1876 2022 1928 valet,
2063 1891 2159 1921 non

438 1969 515 2014 hic
532 1978 761 2015 nocturna
778 1969 971 2022 Cytaeis
985 1967 1050 2027 2);
1070 1970 1420 2014 Rothsteinius:
1453 1969 1497 2015 C
1511 1978 1652 2022 ytae
1666 1970 1681 2014 i
1695 1986 1726 2015 n
1740 1986 1767 2015 e
1781 1985 1817 2022 s,
1849 1971 1930 2023 qui
1954 1971 2159 2016 confert:

439 2067 622 2122 ἡρωΐνη
656 2074 702 2110 et
731 2067 893 2123 ἡρωίς.
940 2065 1039 2119 Ego
1087 2066 1390 2119 Hertzbergii
1437 2066 1755 2111 coniecturam
1802 2065 1952 2118 probo
1999 2065 2163 2118 Cyti-

442 2162 616 2206 naeis
648 2162 705 2206 cl.
738 2161 896 2215 Steph.
930 2161 1065 2214 Byz.:
1109 2160 1302 2204 Κύτινα·
1343 2160 1480 2212 πόλις
1525 2160 1793 2216 Θεσσαλίας,
1845 2163 1912 2212 ὡς
1946 2160 2080 2206 Θέων
2109 2164 2161 2205 ἐν

439 2258 746 2313 ὑπομνήμασι
774 2255 1102 2313 Λυκόφρονος·
1138 2258 1165 2298 ὁ
1197 2255 1391 2313 πολίτης
1419 2255 1685 2307 Κυτιναῖος.

443 2352 585 2396 Hanc
617 2351 996 2396 emendationem
1028 2351 1210 2404 egregie
1242 2351 1486 2396 confirmat
1503 2367 1693 2396 carmen
1710 2351 1767 2396 24
1785 2351 1891 2396 libri

442 2447 579 2499 tertii,
621 2447 750 2500 quod
796 2455 1009 2492 nostrum
1055 2446 1273 2499 respicit:

561 2543 691 2595 quod
738 2542 853 2587 mihi
897 2557 992 2587 non
1024 2542 1160 2595 patrii
1191 2550 1405 2594 poterant
1436 2550 1651 2586 avertere
1682 2542 1820 2587 amici

683 2637 843 2682 eluere
874 2646 953 2682 aut
983 2645 1115 2682 vasto
1146 2636 1457 2681 Thessala
1493 2645 1600 2690 saga
1630 2637 1760 2682 mari.

443 2734 700 2786 Quomodo
738 2742 893 2778 ortum
931 2733 988 2778 sit
1019 2733 1200 2784 vitium,
1238 2732 1414 2784 optime
1452 2732 1643 2785 exponit
1675 2732 1983 2778 Housmanus
2013 2731 2157 2791 (JPh.

440 2829 578 2881 XVI,
609 2843 654 2881 p.
686 2827 744 2873 30
775 2825 884 2886 sq.).

442 2985 489 3029 in
527 2999 605 3028 me
642 2991 801 3028 nostra
831 2982 999 3028 Venus
1037 2991 1198 3027 noctes
1236 2991 1425 3027 exercet
1463 2997 1656 3027 amaras.

444 3079 704 3132 Postgatius
718 3076 897 3135 (Select
915 3078 987 3123 El.
1007 3093 1052 3131 p.
1067 3075 1151 3136 51)
1164 3078 1212 3123 in
1227 3078 1317 3122 hoc
1340 3078 1446 3122 loco
1477 3078 1652 3130 haeret,
1684 3077 1843 3123 scribit
1874 3078 2000 3122 enim
2020 3079 2157 3123 haecz

442 3174 548 3220 The
579 3175 687 3220 edd.
704 3172 971 3232 (Baehrens
1003 3170 1259 3230 excepted)
1287 3174 1349 3218 do
1378 3182 1459 3218 not
1490 3189 1618 3218 seem
1643 3182 1691 3219 to
1715 3175 1837 3219 have
1859 3174 2054 3227 grasped
2079 3173 2159 3218 the

443 3269 668 3322 difficulty
689 3270 736 3314 of
762 3269 842 3314 the
868 3267 973 3314 MS.
997 3269 1203 3322 reading.
1230 3269 1271 3313 It
1290 3277 1413 3313 must
1431 3284 1568 3314 mean
1589 3268 1638 3313 1:
1677 3268 1735 3314 M
1749 3284 1780 3321 y
1817 3269 1960 3313 love
1996 3267 2159 3320 plies

361 3387 392 3432 ¹)
442 3390 581 3424 Carere
607 3391 717 3432 igitur
742 3402 939 3430 possumus
966 3390 1106 3431 Ungeri
1132 3390 1365 3424 coniectura:
1398 3397 1530 3424 astra
1563 3390 1673 3429 piare.

357 3457 391 3504 ¹)
438 3446 633 3498 vaatlg
656 3462 838 3503 reperitur
862 3463 956 3502 apud
983 3462 1109 3503 Apoll.
1135 3458 1254 3496 Rhod.
1279 3461 1323 3502 11,
1349 3461 1429 3495 399.
