<?xml version="1.0" encoding="UTF-8"?>
<!DOCTYPE html PUBLIC "-//W3C//DTD XHTML 1.0 Transitional//EN"
    "http://www.w3.org/TR/xhtml1/DTD/xhtml1-transitional.dtd">
<html xmlns="http://www.w3.org/1999/xhtml" xml:lang="en" lang="en">
 <head>
  <title>
</title>
<meta http-equiv="Content-Type" content="text/html;charset=utf-8" />
  <meta name='ocr-system' content='tesseract 3.04.00' />
  <meta name='ocr-capabilities' content='ocr_page ocr_carea ocr_par ocr_line ocrx_word'/>
</head>
<body>
  <div class='ocr_page' id='page_1' title='image "./adpropertiicarmi00enkpuoft_0219.png"; bbox 0 0 2566 3886; ppageno 0'>
   <div class='ocr_carea' id='block_1_1' title="bbox 1144 280 1408 335">
    <p class='ocr_par' dir='ltr' id='par_1_1' title="bbox 1144 280 1408 335">
     <span class='ocr_line' id='line_1_1' title="bbox 1144 280 1408 335; baseline -0.004 -9"><span class='ocrx_word' id='word_1_1' title='bbox 1144 306 1202 313; x_wconf 92' lang='lat'>—</span> <span class='ocrx_word' id='word_1_2' title='bbox 1223 280 1320 335; x_wconf 49' lang='lat'><strong>,203</strong></span> <span class='ocrx_word' id='word_1_3' title='bbox 1350 305 1408 312; x_wconf 96' lang='lat'>—</span> 
     </span>
    </p>
   </div>
   <div class='ocr_carea' id='block_1_2' title="bbox 478 412 2196 1415">
    <p class='ocr_par' dir='ltr' id='par_1_2' title="bbox 487 412 1361 467">
     <span class='ocr_line' id='line_1_2' title="bbox 487 412 1361 467; baseline -0.005 -8"><span class='ocrx_word' id='word_1_4' title='bbox 487 423 533 459; x_wconf 93' lang='lat' dir='ltr'><strong>et</strong></span> <span class='ocrx_word' id='word_1_5' title='bbox 563 414 747 459; x_wconf 86' lang='lat' dir='ltr'><strong>vinctae</strong></span> <span class='ocrx_word' id='word_1_6' title='bbox 778 414 901 467; x_wconf 90' lang='lat' dir='ltr'><strong>pede</strong></span> <span class='ocrx_word' id='word_1_7' title='bbox 932 412 1076 464; x_wconf 81' lang='lat' dir='ltr'><strong>vociS‚</strong></span> <span class='ocrx_word' id='word_1_8' title='bbox 1108 421 1154 456; x_wconf 91' lang='lat' dir='ltr'><strong>et</strong></span> <span class='ocrx_word' id='word_1_9' title='bbox 1184 412 1361 456; x_wconf 90' lang='lat' dir='ltr'><strong>solutae</strong></span> 
     </span>
    </p>

    <p class='ocr_par' dir='ltr' id='par_1_3' title="bbox 486 507 1314 558">
     <span class='ocr_line' id='line_1_3' title="bbox 486 507 1314 558; baseline -0.004 -5"><span class='ocrx_word' id='word_1_10' title='bbox 486 508 688 553; x_wconf 91' lang='lat' dir='ltr'><strong>Romani</strong></span> <span class='ocrx_word' id='word_1_11' title='bbox 720 508 889 553; x_wconf 92' lang='lat' dir='ltr'><strong>colitur</strong></span> <span class='ocrx_word' id='word_1_12' title='bbox 918 507 1050 552; x_wconf 91' lang='lat' dir='ltr'><strong>chori</strong></span> <span class='ocrx_word' id='word_1_13' title='bbox 1081 507 1314 558; x_wconf 82' lang='lat' dir='ltr'><strong>sacerdoS,</strong></span> 
     </span>
    </p>

    <p class='ocr_par' dir='ltr' id='par_1_4' title="bbox 482 598 2196 846">
     <span class='ocr_line' id='line_1_4' title="bbox 484 598 2196 656; baseline -0.004 -8"><span class='ocrx_word' id='word_1_14' title='bbox 484 604 532 648; x_wconf 91' lang='lat' dir='ltr'><strong>in</strong></span> <span class='ocrx_word' id='word_1_15' title='bbox 564 619 621 648; x_wconf 91' lang='lat' dir='ltr'><strong>eo</strong></span> <span class='ocrx_word' id='word_1_16' title='bbox 646 605 750 648; x_wconf 94' lang='lat' dir='ltr'><strong>loco</strong></span> <span class='ocrx_word' id='word_1_17' title='bbox 766 602 881 647; x_wconf 90' lang='lat' dir='ltr'><strong>nihil</strong></span> <span class='ocrx_word' id='word_1_18' title='bbox 897 602 1055 647; x_wconf 85' lang='lat' dir='ltr'><strong>auxilii</strong></span> <span class='ocrx_word' id='word_1_19' title='bbox 1072 610 1162 656; x_wconf 88' lang='lat' dir='ltr'><strong>est;</strong></span> <span class='ocrx_word' id='word_1_20' title='bbox 1181 601 1294 654; x_wconf 87' lang='lat' dir='ltr'><strong>quid</strong></span> <span class='ocrx_word' id='word_1_21' title='bbox 1313 609 1451 653; x_wconf 90' lang='lat' dir='ltr'><strong>poeta</strong></span> <span class='ocrx_word' id='word_1_22' title='bbox 1466 599 1553 645; x_wconf 88' lang='lat' dir='ltr'><strong>sibi</strong></span> <span class='ocrx_word' id='word_1_23' title='bbox 1570 599 1786 651; x_wconf 88' lang='lat' dir='ltr'><strong>voluerit,</strong></span> <span class='ocrx_word' id='word_1_24' title='bbox 1820 613 1925 643; x_wconf 92' lang='lat' dir='ltr'><strong>cum</strong></span> <span class='ocrx_word' id='word_1_25' title='bbox 1943 598 2196 643; x_wconf 84' lang='lat' dir='ltr'><strong>scriberet:</strong></span> 
     </span>
     <span class='ocr_line' id='line_1_5' title="bbox 485 694 2194 751; baseline -0.004 -8"><span class='ocrx_word' id='word_1_26' title='bbox 485 698 594 751; x_wconf 87' lang='lat' dir='ltr'><strong>„qui</strong></span> <span class='ocrx_word' id='word_1_27' title='bbox 639 713 725 743; x_wconf 91' lang='lat' dir='ltr'><strong>vos</strong></span> <span class='ocrx_word' id='word_1_28' title='bbox 770 697 874 742; x_wconf 75' lang='lat' dir='ltr'><strong>tulit</strong></span> <span class='ocrx_word' id='word_1_29' title='bbox 917 712 1003 750; x_wconf 92' lang='lat' dir='ltr'><strong>per</strong></span> <span class='ocrx_word' id='word_1_30' title='bbox 1047 696 1213 748; x_wconf 89' lang='lat' dir='ltr'><strong>artes”,</strong></span> <span class='ocrx_word' id='word_1_31' title='bbox 1260 711 1355 740; x_wconf 92' lang='lat' dir='ltr'><strong>non</strong></span> <span class='ocrx_word' id='word_1_32' title='bbox 1404 704 1497 739; x_wconf 87' lang='lat' dir='ltr'><strong>tam</strong></span> <span class='ocrx_word' id='word_1_33' title='bbox 1543 694 1680 739; x_wconf 92' lang='lat' dir='ltr'><strong>facile</strong></span> <span class='ocrx_word' id='word_1_34' title='bbox 1727 694 1854 738; x_wconf 90' lang='lat' dir='ltr'><strong>dictu</strong></span> <span class='ocrx_word' id='word_1_35' title='bbox 1886 702 1969 745; x_wconf 91' lang='lat' dir='ltr'><strong>est,</strong></span> <span class='ocrx_word' id='word_1_36' title='bbox 2001 694 2194 738; x_wconf 79' lang='lat' dir='ltr'><strong>fortasse</strong></span> 
     </span>
     <span class='ocr_line' id='line_1_6' title="bbox 482 789 1543 846; baseline -0.005 -8"><span class='ocrx_word' id='word_1_37' title='bbox 482 793 630 838; x_wconf 92' lang='lat' dir='ltr'><strong>tulit</strong></span> <span class='ocrx_word' id='word_1_38' title='bbox 660 793 784 846; x_wconf 91' lang='lat' dir='ltr'><strong>apud</strong></span> <span class='ocrx_word' id='word_1_39' title='bbox 817 792 1011 838; x_wconf 83' lang='lat' dir='ltr'><strong>Statium</strong></span> <span class='ocrx_word' id='word_1_40' title='bbox 1044 790 1276 836; x_wconf 87' lang='lat' dir='ltr'><strong>extulit</strong></span> <span class='ocrx_word' id='word_1_41' title='bbox 1306 789 1543 843; x_wconf 83' lang='lat' dir='ltr'><strong>significat.</strong></span> 
     </span>
    </p>

    <p class='ocr_par' dir='ltr' id='par_1_5' title="bbox 478 880 2195 1415">
     <span class='ocr_line' id='line_1_7' title="bbox 481 880 2195 940; baseline -0.005 -7"><span class='ocrx_word' id='word_1_42' title='bbox 481 888 697 940; x_wconf 85' lang='lat' dir='ltr'><strong>Accedit,</strong></span> <span class='ocrx_word' id='word_1_43' title='bbox 738 896 788 932; x_wconf 93' lang='lat' dir='ltr'><strong>ut</strong></span> <span class='ocrx_word' id='word_1_44' title='bbox 834 886 1114 940; x_wconf 81' lang='lat' dir='ltr'>praepositio</span> <span class='ocrx_word' id='word_1_45' title='bbox 1145 900 1267 938; x_wconf 89' lang='lat' dir='ltr'><strong>per,</strong></span> <span class='ocrx_word' id='word_1_46' title='bbox 1299 885 1338 929; x_wconf 92' lang='lat' dir='ltr'><strong>si</strong></span> <span class='ocrx_word' id='word_1_47' title='bbox 1369 900 1478 929; x_wconf 90' lang='lat' dir='ltr'><strong>cum</strong></span> <span class='ocrx_word' id='word_1_48' title='bbox 1510 899 1628 929; x_wconf 92' lang='lat' dir='ltr'><strong>voce</strong></span> <span class='ocrx_word' id='word_1_49' title='bbox 1660 882 1838 936; x_wconf 79' lang='lat' dir='ltr'><strong>orgia</strong></span> <span class='ocrx_word' id='word_1_50' title='bbox 1868 880 2195 934; x_wconf 79' lang='lat' dir='ltr'><strong>coniungenda</strong></span> 
     </span>
     <span class='ocr_line' id='line_1_8' title="bbox 480 975 2194 1035; baseline -0.005 -7"><span class='ocrx_word' id='word_1_51' title='bbox 480 991 563 1035; x_wconf 92' lang='lat' dir='ltr'><strong>est,</strong></span> <span class='ocrx_word' id='word_1_52' title='bbox 609 982 939 1028; x_wconf 85' lang='lat' dir='ltr'><strong>obscurissime</strong></span> <span class='ocrx_word' id='word_1_53' title='bbox 969 981 1258 1027; x_wconf 90' lang='lat' dir='ltr'><strong>adhibeatur.</strong></span> <span class='ocrx_word' id='word_1_54' title='bbox 1292 979 1480 1031; x_wconf 90' lang='lat' dir='ltr'><strong>Quibus</strong></span> <span class='ocrx_word' id='word_1_55' title='bbox 1514 979 1574 1023; x_wconf 94' lang='lat' dir='ltr'><strong>de</strong></span> <span class='ocrx_word' id='word_1_56' title='bbox 1606 978 1758 1023; x_wconf 91' lang='lat' dir='ltr'><strong>causis</strong></span> <span class='ocrx_word' id='word_1_57' title='bbox 1789 978 1848 1022; x_wconf 89' lang='lat' dir='ltr'><strong>ad</strong></span> <span class='ocrx_word' id='word_1_58' title='bbox 1880 977 2018 1021; x_wconf 90' lang='lat' dir='ltr'><strong>aliam</strong></span> <span class='ocrx_word' id='word_1_59' title='bbox 2051 975 2194 1028; x_wconf 88' lang='lat' dir='ltr'><strong>expli-</strong></span> 
     </span>
     <span class='ocr_line' id='line_1_9' title="bbox 479 1070 2192 1131; baseline -0.004 -9"><span class='ocrx_word' id='word_1_60' title='bbox 479 1077 710 1122; x_wconf 90' lang='lat' dir='ltr'><strong>cationem</strong></span> <span class='ocrx_word' id='word_1_61' title='bbox 741 1076 1020 1130; x_wconf 81' lang='lat' dir='ltr'><strong>confugiam,</strong></span> <span class='ocrx_word' id='word_1_62' title='bbox 1052 1090 1193 1128; x_wconf 90' lang='lat' dir='ltr'><strong>quam</strong></span> <span class='ocrx_word' id='word_1_63' title='bbox 1226 1074 1484 1128; x_wconf 79' lang='lat' dir='ltr'><strong>Postgatius</strong></span> <span class='ocrx_word' id='word_1_64' title='bbox 1502 1071 1681 1131; x_wconf 92' lang='lat' dir='ltr'><strong>(Select</strong></span> <span class='ocrx_word' id='word_1_65' title='bbox 1698 1073 1770 1117; x_wconf 91' lang='lat' dir='ltr'><strong>El.</strong></span> <span class='ocrx_word' id='word_1_66' title='bbox 1787 1087 1832 1125; x_wconf 90' lang='lat' dir='ltr'><strong>p.</strong></span> <span class='ocrx_word' id='word_1_67' title='bbox 1853 1070 2192 1129; x_wconf 83' lang='lat' dir='ltr'><strong>147)protu1it;</strong></span> 
     </span>
     <span class='ocr_line' id='line_1_10' title="bbox 480 1165 2193 1224; baseline -0.004 -7"><span class='ocrx_word' id='word_1_68' title='bbox 480 1173 518 1217; x_wconf 90' lang='lat' dir='ltr'><strong>is</strong></span> <span class='ocrx_word' id='word_1_69' title='bbox 563 1172 710 1217; x_wconf 87' lang='lat' dir='ltr'><strong>verba</strong></span> <span class='ocrx_word' id='word_1_70' title='bbox 752 1171 1057 1224; x_wconf 89' lang='lat' dir='ltr'><strong>Propertiana</strong></span> <span class='ocrx_word' id='word_1_71' title='bbox 1102 1170 1298 1224; x_wconf 82' lang='lat' dir='ltr'><strong>Anglice</strong></span> <span class='ocrx_word' id='word_1_72' title='bbox 1345 1169 1410 1214; x_wconf 93' lang='lat' dir='ltr'><strong>sic</strong></span> <span class='ocrx_word' id='word_1_73' title='bbox 1456 1168 1621 1214; x_wconf 86' lang='lat' dir='ltr'><strong>vertit:</strong></span> <span class='ocrx_word' id='word_1_74' title='bbox 1662 1176 1737 1220; x_wconf 88' lang='lat' dir='ltr'><strong>„to</strong></span> <span class='ocrx_word' id='word_1_75' title='bbox 1776 1168 1881 1212; x_wconf 92' lang='lat' dir='ltr'><strong>lead</strong></span> <span class='ocrx_word' id='word_1_76' title='bbox 1913 1167 1992 1211; x_wconf 92' lang='lat' dir='ltr'><strong>the</strong></span> <span class='ocrx_word' id='word_1_77' title='bbox 2024 1165 2193 1218; x_wconf 89' lang='lat' dir='ltr'><strong>mystic</strong></span> 
     </span>
     <span class='ocr_line' id='line_1_11' title="bbox 478 1262 2195 1318; baseline -0.004 -5"><span class='ocrx_word' id='word_1_78' title='bbox 478 1267 706 1312; x_wconf 93' lang='lat' dir='ltr'><strong>emblems</strong></span> <span class='ocrx_word' id='word_1_79' title='bbox 751 1267 807 1312; x_wconf 89' lang='lat' dir='ltr'><strong>of</strong></span> <span class='ocrx_word' id='word_1_80' title='bbox 846 1267 964 1318; x_wconf 80' lang='lat' dir='ltr'>Italy</span> <span class='ocrx_word' id='word_1_81' title='bbox 1009 1267 1176 1318; x_wconf 77' lang='lat' dir='ltr'><strong>trough</strong></span> <span class='ocrx_word' id='word_1_82' title='bbox 1222 1265 1301 1309; x_wconf 92' lang='lat' dir='ltr'><strong>the</strong></span> <span class='ocrx_word' id='word_1_83' title='bbox 1347 1265 1521 1309; x_wconf 88' lang='lat' dir='ltr'><strong>dances</strong></span> <span class='ocrx_word' id='word_1_84' title='bbox 1559 1263 1614 1308; x_wconf 90' lang='lat' dir='ltr'><strong>of</strong></span> <span class='ocrx_word' id='word_1_85' title='bbox 1654 1262 1862 1315; x_wconf 90' lang='lat' dir='ltr'><strong>Greece,</strong></span> <span class='ocrx_word' id='word_1_86' title='bbox 1894 1263 1966 1307; x_wconf 88' lang='lat' dir='ltr'><strong>i.e.</strong></span> <span class='ocrx_word' id='word_1_87' title='bbox 1998 1271 2045 1307; x_wconf 90' lang='lat' dir='ltr'><strong>to</strong></span> <span class='ocrx_word' id='word_1_88' title='bbox 2077 1269 2195 1306; x_wconf 89' lang='lat' dir='ltr'><strong>treat</strong></span> 
     </span>
     <span class='ocr_line' id='line_1_12' title="bbox 480 1359 1570 1415; baseline -0.004 -8"><span class='ocrx_word' id='word_1_89' title='bbox 480 1362 615 1407; x_wconf 88' lang='lat' dir='ltr'><strong>Latin</strong></span> <span class='ocrx_word' id='word_1_90' title='bbox 648 1361 848 1415; x_wconf 85' lang='lat' dir='ltr'><strong>subiects</strong></span> <span class='ocrx_word' id='word_1_91' title='bbox 880 1361 997 1406; x_wconf 88' lang='lat' dir='ltr'><strong>after</strong></span> <span class='ocrx_word' id='word_1_92' title='bbox 1024 1361 1103 1405; x_wconf 90' lang='lat' dir='ltr'><strong>the</strong></span> <span class='ocrx_word' id='word_1_93' title='bbox 1135 1359 1299 1406; x_wconf 87' lang='lat' dir='ltr'><strong>Greek</strong></span> <span class='ocrx_word' id='word_1_94' title='bbox 1330 1359 1570 1404; x_wconf 85' lang='lat' dir='ltr'><strong>manner&#39;’.</strong></span> 
     </span>
    </p>
   </div>
   <div class='ocr_carea' id='block_1_3' title="bbox 479 1454 1386 1510">
    <p class='ocr_par' dir='ltr' id='par_1_6' title="bbox 479 1454 1386 1510">
     <span class='ocr_line' id='line_1_13' title="bbox 479 1454 1386 1510; baseline -0.002 -9"><span class='ocrx_word' id='word_1_95' title='bbox 479 1456 670 1510; x_wconf 80' lang='lat' dir='ltr'><strong>Orgia</strong></span> <span class='ocrx_word' id='word_1_96' title='bbox 706 1466 756 1501; x_wconf 93' lang='lat' dir='ltr'><strong>ut</strong></span> <span class='ocrx_word' id='word_1_97' title='bbox 787 1465 947 1502; x_wconf 90' lang='lat' dir='ltr'><strong>nostro</strong></span> <span class='ocrx_word' id='word_1_98' title='bbox 978 1456 1082 1500; x_wconf 88' lang='lat' dir='ltr'><strong>loco</strong></span> <span class='ocrx_word' id='word_1_99' title='bbox 1113 1454 1386 1500; x_wconf 85' lang='lat' dir='ltr'><strong>adhibetur:</strong></span> 
     </span>
    </p>
   </div>
   <div class='ocr_carea' id='block_1_4' title="bbox 630 1550 1884 1700">
    <p class='ocr_par' dir='ltr' id='par_1_7' title="bbox 630 1550 1884 1700">
     <span class='ocr_line' id='line_1_14' title="bbox 630 1550 1052 1597; baseline -0.005 0"><span class='ocrx_word' id='word_1_100' title='bbox 630 1551 800 1597; x_wconf 88' lang='lat' dir='ltr'><strong>Catull.</strong></span> <span class='ocrx_word' id='word_1_101' title='bbox 832 1551 904 1596; x_wconf 90' lang='lat'><strong>64.</strong></span> <span class='ocrx_word' id='word_1_102' title='bbox 936 1550 1052 1596; x_wconf 85' lang='lat'><strong>260:</strong></span> 
     </span>
     <span class='ocr_line' id='line_1_15' title="bbox 745 1643 1884 1700; baseline -0.004 -8"><span class='ocrx_word' id='word_1_103' title='bbox 745 1662 852 1700; x_wconf 90' lang='lat' dir='ltr'><strong>pars</strong></span> <span class='ocrx_word' id='word_1_104' title='bbox 883 1646 1083 1692; x_wconf 89' lang='lat' dir='ltr'><strong>obscura</strong></span> <span class='ocrx_word' id='word_1_105' title='bbox 1113 1646 1240 1691; x_wconf 89' lang='lat' dir='ltr'><strong>cavis</strong></span> <span class='ocrx_word' id='word_1_106' title='bbox 1272 1645 1571 1691; x_wconf 80' lang='lat' dir='ltr'><strong>celebrabant</strong></span> <span class='ocrx_word' id='word_1_107' title='bbox 1602 1643 1728 1698; x_wconf 79' lang='lat' dir='ltr'><strong>orgia</strong></span> <span class='ocrx_word' id='word_1_108' title='bbox 1759 1643 1884 1688; x_wconf 90' lang='lat' dir='ltr'><strong>cistis</strong></span> 
     </span>
    </p>
   </div>
   <div class='ocr_carea' id='block_1_5' title="bbox 628 1741 1012 1788">
    <p class='ocr_par' dir='ltr' id='par_1_8' title="bbox 628 1741 1012 1788">
     <span class='ocr_line' id='line_1_16' title="bbox 628 1741 1012 1788; baseline -0.005 0"><span class='ocrx_word' id='word_1_109' title='bbox 628 1742 752 1788; x_wconf 90' lang='lat' dir='ltr'><strong>Aen.</strong></span> <span class='ocrx_word' id='word_1_110' title='bbox 783 1743 871 1787; x_wconf 88' lang='lat' dir='ltr'><strong>VI.</strong></span> <span class='ocrx_word' id='word_1_111' title='bbox 904 1741 989 1787; x_wconf 88' lang='grc'><strong>517</strong></span> <span class='ocrx_word' id='word_1_112' title='bbox 1005 1756 1012 1785; x_wconf 86' lang='grc'>;</span> 
     </span>
    </p>
   </div>
   <div class='ocr_carea' id='block_1_6' title="bbox 472 1834 2189 2744">
    <p class='ocr_par' dir='ltr' id='par_1_9' title="bbox 626 1834 2189 2079">
     <span class='ocr_line' id='line_1_17' title="bbox 745 1834 1893 1888; baseline -0.003 -6"><span class='ocrx_word' id='word_1_113' title='bbox 745 1837 821 1882; x_wconf 88' lang='lat' dir='ltr'><strong>illa</strong></span> <span class='ocrx_word' id='word_1_114' title='bbox 852 1838 1048 1882; x_wconf 91' lang='lat' dir='ltr'><strong>chorum</strong></span> <span class='ocrx_word' id='word_1_115' title='bbox 1081 1836 1303 1881; x_wconf 90' lang='lat' dir='ltr'><strong>simulans</strong></span> <span class='ocrx_word' id='word_1_116' title='bbox 1334 1844 1526 1880; x_wconf 90' lang='lat' dir='ltr'><strong>euantes</strong></span> <span class='ocrx_word' id='word_1_117' title='bbox 1558 1835 1685 1888; x_wconf 81' lang='lat' dir='ltr'><strong>orgia</strong></span> <span class='ocrx_word' id='word_1_118' title='bbox 1716 1834 1893 1879; x_wconf 91' lang='lat' dir='ltr'><strong>circum</strong></span> 
     </span>
     <span class='ocr_line' id='line_1_18' title="bbox 746 1932 1217 1985; baseline -0.002 -8"><span class='ocrx_word' id='word_1_119' title='bbox 746 1933 947 1977; x_wconf 89' lang='lat' dir='ltr'><strong>ducebat</strong></span> <span class='ocrx_word' id='word_1_120' title='bbox 979 1932 1217 1985; x_wconf 80' lang='lat' dir='ltr'><strong>Phrygias.</strong></span> 
     </span>
     <span class='ocr_line' id='line_1_19' title="bbox 626 2022 2189 2079; baseline -0.004 -7"><span class='ocrx_word' id='word_1_121' title='bbox 626 2027 733 2073; x_wconf 90' lang='lat' dir='ltr'><strong>Sen.</strong></span> <span class='ocrx_word' id='word_1_122' title='bbox 772 2027 944 2079; x_wconf 86' lang='lat' dir='ltr'><strong>Oedip.</strong></span> <span class='ocrx_word' id='word_1_123' title='bbox 982 2026 1092 2072; x_wconf 84' lang='lat'>431:</span> <span class='ocrx_word' id='word_1_124' title='bbox 1130 2027 1318 2072; x_wconf 90' lang='lat' dir='ltr'><strong>condita</strong></span> <span class='ocrx_word' id='word_1_125' title='bbox 1354 2026 1515 2071; x_wconf 86' lang='lat' dir='ltr'><strong>lascivi</strong></span> <span class='ocrx_word' id='word_1_126' title='bbox 1553 2025 1795 2070; x_wconf 91' lang='lat' dir='ltr'><strong>deducunt</strong></span> <span class='ocrx_word' id='word_1_127' title='bbox 1831 2022 1958 2076; x_wconf 77' lang='lat' dir='ltr'><strong>orgia</strong></span> <span class='ocrx_word' id='word_1_128' title='bbox 1995 2029 2189 2075; x_wconf 88' lang='lat' dir='ltr'><strong>mystae.</strong></span> 
     </span>
    </p>

    <p class='ocr_par' dir='ltr' id='par_1_10' title="bbox 472 2117 2188 2744">
     <span class='ocr_line' id='line_1_20' title="bbox 474 2117 1929 2176; baseline -0.003 -9"><span class='ocrx_word' id='word_1_129' title='bbox 474 2123 534 2167; x_wconf 87' lang='lat' dir='ltr'><strong>cf.</strong></span> <span class='ocrx_word' id='word_1_130' title='bbox 566 2122 650 2168; x_wconf 89' lang='lat' dir='ltr'><strong>Or</strong></span> <span class='ocrx_word' id='word_1_131' title='bbox 662 2123 757 2176; x_wconf 75' lang='lat' dir='ltr'><strong>gia</strong></span> <span class='ocrx_word' id='word_1_132' title='bbox 786 2144 839 2161; x_wconf 93' lang='lat'>=</span> <span class='ocrx_word' id='word_1_133' title='bbox 870 2137 1046 2167; x_wconf 91' lang='lat' dir='ltr'><strong>sacra</strong></span> <span class='ocrx_word' id='word_1_134' title='bbox 1083 2122 1208 2176; x_wconf 88' lang='lat' dir='ltr'><strong>apud</strong></span> <span class='ocrx_word' id='word_1_135' title='bbox 1238 2121 1500 2175; x_wconf 82' lang='lat' dir='ltr'><strong>Vergilium</strong></span> <span class='ocrx_word' id='word_1_136' title='bbox 1533 2119 1706 2173; x_wconf 82' lang='lat' dir='ltr'><strong>Georg.</strong></span> <span class='ocrx_word' id='word_1_137' title='bbox 1739 2119 1788 2171; x_wconf 88' lang='grc' dir='ltr'><strong>ΙΙ,</strong></span> <span class='ocrx_word' id='word_1_138' title='bbox 1818 2117 1929 2163; x_wconf 82' lang='lat'><strong>475:</strong></span> 
     </span>
     <span class='ocr_line' id='line_1_21' title="bbox 476 2217 1197 2270; baseline -0.001 -8"><span class='ocrx_word' id='word_1_139' title='bbox 476 2217 660 2270; x_wconf 88' lang='lat' dir='ltr'><strong>Musae,</strong></span> <span class='ocrx_word' id='word_1_140' title='bbox 691 2233 891 2270; x_wconf 88' lang='lat' dir='ltr'><strong>quarum</strong></span> <span class='ocrx_word' id='word_1_141' title='bbox 922 2232 1052 2262; x_wconf 88' lang='lat' dir='ltr'><strong>sacra</strong></span> <span class='ocrx_word' id='word_1_142' title='bbox 1082 2217 1197 2262; x_wconf 89' lang='lat' dir='ltr'><strong>fero.</strong></span> 
     </span>
     <span class='ocr_line' id='line_1_22' title="bbox 473 2306 2188 2366; baseline -0.003 -9"><span class='ocrx_word' id='word_1_143' title='bbox 473 2313 757 2366; x_wconf 76' lang='lat' dir='ltr'><strong>Dignissimi,</strong></span> <span class='ocrx_word' id='word_1_144' title='bbox 780 2313 862 2366; x_wconf 88' lang='lat' dir='ltr'><strong>qui</strong></span> <span class='ocrx_word' id='word_1_145' title='bbox 884 2328 992 2357; x_wconf 90' lang='lat' dir='ltr'><strong>cum</strong></span> <span class='ocrx_word' id='word_1_146' title='bbox 1022 2321 1182 2357; x_wconf 92' lang='lat' dir='ltr'><strong>nostro</strong></span> <span class='ocrx_word' id='word_1_147' title='bbox 1199 2313 1304 2357; x_wconf 94' lang='lat' dir='ltr'><strong>loco</strong></span> <span class='ocrx_word' id='word_1_148' title='bbox 1320 2320 1665 2366; x_wconf 87' lang='lat' dir='ltr'><strong>comparentur,</strong></span> <span class='ocrx_word' id='word_1_149' title='bbox 1682 2318 1790 2355; x_wconf 91' lang='lat' dir='ltr'><strong>sunt</strong></span> <span class='ocrx_word' id='word_1_150' title='bbox 1805 2323 1971 2354; x_wconf 90' lang='lat' dir='ltr'><strong>versus</strong></span> <span class='ocrx_word' id='word_1_151' title='bbox 1989 2306 2188 2358; x_wconf 90' lang='lat' dir='ltr'><strong>Manilii,</strong></span> 
     </span>
     <span class='ocr_line' id='line_1_23' title="bbox 474 2402 2188 2462; baseline -0.004 -10"><span class='ocrx_word' id='word_1_152' title='bbox 474 2407 510 2452; x_wconf 88' lang='lat'><strong>1.</strong></span> <span class='ocrx_word' id='word_1_153' title='bbox 527 2406 672 2462; x_wconf 87' lang='lat' dir='ltr'><strong>3sqq.,</strong></span> <span class='ocrx_word' id='word_1_154' title='bbox 685 2423 840 2460; x_wconf 89' lang='lat' dir='ltr'><strong>neque</strong></span> <span class='ocrx_word' id='word_1_155' title='bbox 858 2408 1036 2460; x_wconf 92' lang='lat' dir='ltr'><strong>dubito,</strong></span> <span class='ocrx_word' id='word_1_156' title='bbox 1053 2408 1213 2461; x_wconf 90' lang='lat' dir='ltr'><strong>quinis</strong></span> <span class='ocrx_word' id='word_1_157' title='bbox 1231 2408 1463 2460; x_wconf 85' lang='lat' dir='ltr'><strong>Propertii</strong></span> <span class='ocrx_word' id='word_1_158' title='bbox 1479 2408 1635 2452; x_wconf 91' lang='lat' dir='ltr'><strong>locum</strong></span> <span class='ocrx_word' id='word_1_159' title='bbox 1652 2415 1759 2451; x_wconf 93' lang='lat' dir='ltr'><strong>ante</strong></span> <span class='ocrx_word' id='word_1_160' title='bbox 1776 2406 1937 2451; x_wconf 93' lang='lat' dir='ltr'><strong>oculos</strong></span> <span class='ocrx_word' id='word_1_161' title='bbox 1953 2402 2188 2449; x_wconf 86' lang='lat' dir='ltr'><strong>habuerit:</strong></span> 
     </span>
     <span class='ocr_line' id='line_1_24' title="bbox 473 2503 1533 2556; baseline -0.001 -8"><span class='ocrx_word' id='word_1_162' title='bbox 473 2503 682 2548; x_wconf 90' lang='lat' dir='ltr'><strong>caelestis</strong></span> <span class='ocrx_word' id='word_1_163' title='bbox 712 2504 902 2549; x_wconf 92' lang='lat' dir='ltr'><strong>rationis</strong></span> <span class='ocrx_word' id='word_1_164' title='bbox 933 2519 1052 2556; x_wconf 92' lang='lat' dir='ltr'><strong>opus</strong></span> <span class='ocrx_word' id='word_1_165' title='bbox 1084 2504 1321 2548; x_wconf 89' lang='lat' dir='ltr'><strong>deducere</strong></span> <span class='ocrx_word' id='word_1_166' title='bbox 1354 2504 1533 2548; x_wconf 91' lang='lat' dir='ltr'><strong>mundo</strong></span> 
     </span>
     <span class='ocr_line' id='line_1_25' title="bbox 473 2598 1776 2653; baseline -0.001 -11"><span class='ocrx_word' id='word_1_167' title='bbox 473 2599 814 2651; x_wconf 81' lang='lat' dir='ltr'><strong>adgredior</strong></span> <span class='ocrx_word' id='word_1_168' title='bbox 844 2599 1117 2653; x_wconf 85' lang='lat' dir='ltr'><strong>primusque</strong></span> <span class='ocrx_word' id='word_1_169' title='bbox 1148 2598 1284 2643; x_wconf 88' lang='lat' dir='ltr'><strong>novis</strong></span> <span class='ocrx_word' id='word_1_170' title='bbox 1316 2598 1551 2643; x_wconf 90' lang='lat' dir='ltr'><strong>Helicona</strong></span> <span class='ocrx_word' id='word_1_171' title='bbox 1582 2612 1776 2642; x_wconf 89' lang='lat' dir='ltr'><strong>movere</strong></span> 
     </span>
     <span class='ocr_line' id='line_1_26' title="bbox 472 2693 1630 2744; baseline -0.001 -7"><span class='ocrx_word' id='word_1_172' title='bbox 472 2693 684 2738; x_wconf 91' lang='lat' dir='ltr'><strong>cantibus</strong></span> <span class='ocrx_word' id='word_1_173' title='bbox 712 2702 758 2738; x_wconf 90' lang='lat' dir='ltr'><strong>et</strong></span> <span class='ocrx_word' id='word_1_174' title='bbox 788 2694 927 2738; x_wconf 88' lang='lat' dir='ltr'><strong>viridi</strong></span> <span class='ocrx_word' id='word_1_175' title='bbox 959 2702 1174 2738; x_wconf 91' lang='lat' dir='ltr'><strong>nutantes</strong></span> <span class='ocrx_word' id='word_1_176' title='bbox 1206 2693 1383 2738; x_wconf 89' lang='lat' dir='ltr'><strong>vertice</strong></span> <span class='ocrx_word' id='word_1_177' title='bbox 1415 2693 1630 2744; x_wconf 90' lang='lat' dir='ltr'><strong>silvas,</strong></span> 
     </span>
    </p>
   </div>
   <div class='ocr_carea' id='block_1_7' title="bbox 471 2787 1811 2841">
    <p class='ocr_par' dir='ltr' id='par_1_11' title="bbox 471 2787 1811 2841">
     <span class='ocr_line' id='line_1_27' title="bbox 471 2787 1811 2841; baseline 0 -10"><span class='ocrx_word' id='word_1_178' title='bbox 471 2787 653 2839; x_wconf 86' lang='lat' dir='ltr'><strong>hospita</strong></span> <span class='ocrx_word' id='word_1_179' title='bbox 683 2803 704 2833; x_wconf 95' lang='lat' dir='ltr'><strong>s</strong></span> <span class='ocrx_word' id='word_1_180' title='bbox 717 2803 744 2832; x_wconf 94' lang='lat' dir='ltr'><strong>a</strong></span> <span class='ocrx_word' id='word_1_181' title='bbox 757 2803 783 2832; x_wconf 95' lang='lat' dir='ltr'><strong>c</strong></span> <span class='ocrx_word' id='word_1_182' title='bbox 797 2803 820 2832; x_wconf 91' lang='lat' dir='ltr'><strong>r</strong></span> <span class='ocrx_word' id='word_1_183' title='bbox 833 2803 860 2832; x_wconf 92' lang='lat' dir='ltr'><strong>a</strong></span> <span class='ocrx_word' id='word_1_184' title='bbox 890 2789 906 2832; x_wconf 72' lang='lat' dir='ltr'>f</span> <span class='ocrx_word' id='word_1_185' title='bbox 919 2803 946 2832; x_wconf 91' lang='lat' dir='ltr'><strong>e</strong></span> <span class='ocrx_word' id='word_1_186' title='bbox 960 2803 983 2832; x_wconf 95' lang='lat' dir='ltr'><strong>r</strong></span> <span class='ocrx_word' id='word_1_187' title='bbox 996 2804 1023 2833; x_wconf 93' lang='lat' dir='ltr'><strong>e</strong></span> <span class='ocrx_word' id='word_1_188' title='bbox 1037 2804 1067 2832; x_wconf 94' lang='lat' dir='ltr'><strong>n</strong></span> <span class='ocrx_word' id='word_1_189' title='bbox 1082 2803 1118 2840; x_wconf 94' lang='lat' dir='ltr'><strong>s,</strong></span> <span class='ocrx_word' id='word_1_190' title='bbox 1150 2788 1265 2833; x_wconf 91' lang='lat' dir='ltr'><strong>nulli</strong></span> <span class='ocrx_word' id='word_1_191' title='bbox 1296 2796 1554 2833; x_wconf 87' lang='lat' dir='ltr'><strong>memorata</strong></span> <span class='ocrx_word' id='word_1_192' title='bbox 1584 2788 1811 2841; x_wconf 88' lang='lat' dir='ltr'><strong>priorum.</strong></span> 
     </span>
    </p>
   </div>
   <div class='ocr_carea' id='block_1_8' title="bbox 368 2928 1662 2982">
    <p class='ocr_par' dir='ltr' id='par_1_12' title="bbox 368 2928 1662 2982">
     <span class='ocr_line' id='line_1_28' title="bbox 368 2928 1662 2982; baseline 0.002 -9"><span class='ocrx_word' id='word_1_193' title='bbox 368 2928 410 2973; x_wconf 90' lang='lat'><strong>9.</strong></span> <span class='ocrx_word' id='word_1_194' title='bbox 471 2944 567 2982; x_wconf 87' lang='lat' dir='ltr'><strong>quo</strong></span> <span class='ocrx_word' id='word_1_195' title='bbox 598 2944 674 2974; x_wconf 91' lang='lat' dir='ltr'><strong>me</strong></span> <span class='ocrx_word' id='word_1_196' title='bbox 705 2929 854 2974; x_wconf 86' lang='lat' dir='ltr'><strong>Fama</strong></span> <span class='ocrx_word' id='word_1_197' title='bbox 883 2930 1007 2974; x_wconf 91' lang='lat' dir='ltr'><strong>levat</strong></span> <span class='ocrx_word' id='word_1_198' title='bbox 1039 2938 1161 2974; x_wconf 87' lang='lat' dir='ltr'><strong>terra</strong></span> <span class='ocrx_word' id='word_1_199' title='bbox 1192 2930 1417 2982; x_wconf 91' lang='lat' dir='ltr'><strong>sublimis,</strong></span> <span class='ocrx_word' id='word_1_200' title='bbox 1450 2939 1497 2975; x_wconf 92' lang='lat' dir='ltr'><strong>et</strong></span> <span class='ocrx_word' id='word_1_201' title='bbox 1526 2945 1554 2975; x_wconf 89' lang='lat' dir='ltr'><strong>a</strong></span> <span class='ocrx_word' id='word_1_202' title='bbox 1585 2945 1662 2975; x_wconf 88' lang='lat' dir='ltr'><strong>me</strong></span> 
     </span>
    </p>
   </div>
   <div class='ocr_carea' id='block_1_9' title="bbox 541 3025 1546 3079">
    <p class='ocr_par' dir='ltr' id='par_1_13' title="bbox 541 3025 1546 3079">
     <span class='ocr_line' id='line_1_29' title="bbox 541 3025 1546 3079; baseline 0.002 -12"><span class='ocrx_word' id='word_1_203' title='bbox 541 3032 647 3068; x_wconf 88' lang='lat' dir='ltr'><strong>nata</strong></span> <span class='ocrx_word' id='word_1_204' title='bbox 677 3025 908 3069; x_wconf 88' lang='lat' dir='ltr'><strong>coronatis</strong></span> <span class='ocrx_word' id='word_1_205' title='bbox 940 3025 1083 3070; x_wconf 91' lang='lat' dir='ltr'><strong>Musa</strong></span> <span class='ocrx_word' id='word_1_206' title='bbox 1112 3025 1367 3078; x_wconf 89' lang='lat' dir='ltr'><strong>triumphat</strong></span> <span class='ocrx_word' id='word_1_207' title='bbox 1397 3025 1546 3079; x_wconf 87' lang='lat' dir='ltr'><strong>equis.</strong></span> 
     </span>
    </p>
   </div>
   <div class='ocr_carea' id='block_1_10' title="bbox 472 3116 2187 3270">
    <p class='ocr_par' dir='ltr' id='par_1_14' title="bbox 472 3116 2187 3270">
     <span class='ocr_line' id='line_1_30' title="bbox 474 3116 2186 3176; baseline -0.001 -14"><span class='ocrx_word' id='word_1_208' title='bbox 474 3118 703 3163; x_wconf 91' lang='lat' dir='ltr'><strong>Richards</strong></span> <span class='ocrx_word' id='word_1_209' title='bbox 744 3117 876 3176; x_wconf 91' lang='lat' dir='ltr'>(CR.</span> <span class='ocrx_word' id='word_1_210' title='bbox 926 3118 1047 3163; x_wconf 93' lang='lat' dir='ltr'><strong>XIII</strong></span> <span class='ocrx_word' id='word_1_211' title='bbox 1094 3136 1139 3172; x_wconf 90' lang='lat' dir='ltr'><strong>p.</strong></span> <span class='ocrx_word' id='word_1_212' title='bbox 1190 3118 1294 3176; x_wconf 85' lang='lat'><strong>16):</strong></span> <span class='ocrx_word' id='word_1_213' title='bbox 1341 3135 1369 3164; x_wconf 89' lang='lat' dir='ltr'><strong>a</strong></span> <span class='ocrx_word' id='word_1_214' title='bbox 1399 3136 1488 3164; x_wconf 90' lang='lat' dir='ltr'><strong>me</strong></span> <span class='ocrx_word' id='word_1_215' title='bbox 1519 3128 1680 3164; x_wconf 91' lang='lat' dir='ltr'><strong>mota</strong></span> <span class='ocrx_word' id='word_1_216' title='bbox 1710 3118 1924 3169; x_wconf 88' lang='lat' dir='ltr'><strong>coniecit,</strong></span> <span class='ocrx_word' id='word_1_217' title='bbox 1956 3118 2039 3162; x_wconf 90' lang='lat' dir='ltr'><strong>sed</strong></span> <span class='ocrx_word' id='word_1_218' title='bbox 2071 3116 2186 3170; x_wconf 88' lang='lat' dir='ltr'><strong>quid</strong></span> 
     </span>
     <span class='ocr_line' id='line_1_31' title="bbox 472 3211 2187 3270; baseline 0.001 -14"><span class='ocrx_word' id='word_1_219' title='bbox 472 3220 609 3264; x_wconf 90' lang='lat' dir='ltr'><strong>poeta</strong></span> <span class='ocrx_word' id='word_1_220' title='bbox 654 3212 741 3257; x_wconf 91' lang='lat' dir='ltr'><strong>sibi</strong></span> <span class='ocrx_word' id='word_1_221' title='bbox 787 3213 1001 3265; x_wconf 89' lang='lat' dir='ltr'><strong>voluerit,</strong></span> <span class='ocrx_word' id='word_1_222' title='bbox 1030 3214 1205 3266; x_wconf 90' lang='lat' dir='ltr'><strong>optime</strong></span> <span class='ocrx_word' id='word_1_223' title='bbox 1247 3215 1402 3259; x_wconf 93' lang='lat' dir='ltr'><strong>reddit</strong></span> <span class='ocrx_word' id='word_1_224' title='bbox 1445 3214 1727 3268; x_wconf 81' lang='lat' dir='ltr'><strong>Postgatius:</strong></span> <span class='ocrx_word' id='word_1_225' title='bbox 1771 3212 1944 3257; x_wconf 91' lang='lat' dir='ltr'><strong>child</strong></span> <span class='ocrx_word' id='word_1_226' title='bbox 1990 3213 2057 3257; x_wconf 89' lang='lat' dir='ltr'><strong>of</strong></span> <span class='ocrx_word' id='word_1_227' title='bbox 2093 3211 2187 3270; x_wconf 52' lang='lat' dir='ltr'>me</span> 
     </span>
    </p>
   </div>
   <div class='ocr_carea' id='block_1_11' title="bbox 473 3305 1206 3366">
    <p class='ocr_par' dir='ltr' id='par_1_15' title="bbox 473 3305 1206 3366">
     <span class='ocr_line' id='line_1_32' title="bbox 473 3305 1206 3366; baseline 0.003 -15"><span class='ocrx_word' id='word_1_228' title='bbox 473 3307 653 3352; x_wconf 91' lang='lat' dir='ltr'><strong>brain</strong></span> <span class='ocrx_word' id='word_1_229' title='bbox 686 3305 865 3365; x_wconf 91' lang='lat' dir='ltr'><strong>(Select</strong></span> <span class='ocrx_word' id='word_1_230' title='bbox 897 3308 969 3353; x_wconf 89' lang='lat' dir='ltr'><strong>El.</strong></span> <span class='ocrx_word' id='word_1_231' title='bbox 1002 3324 1046 3361; x_wconf 88' lang='lat' dir='ltr'><strong>p.</strong></span> <span class='ocrx_word' id='word_1_232' title='bbox 1081 3307 1206 3366; x_wconf 90' lang='lat'>148).</span> 
     </span>
    </p>
   </div>
   <div class='ocr_carea' id='block_1_12' title="bbox 343 3435 1528 3491">
    <p class='ocr_par' dir='ltr' id='par_1_16' title="bbox 343 3435 1528 3491">
     <span class='ocr_line' id='line_1_33' title="bbox 343 3435 1528 3491; baseline 0.003 -11"><span class='ocrx_word' id='word_1_233' title='bbox 343 3435 412 3480; x_wconf 89' lang='lat'><strong>12.</strong></span> <span class='ocrx_word' id='word_1_234' title='bbox 473 3437 846 3491; x_wconf 88' lang='lat' dir='ltr'><strong>scriptorumque</strong></span> <span class='ocrx_word' id='word_1_235' title='bbox 878 3453 1005 3482; x_wconf 91' lang='lat' dir='ltr'><strong>meas</strong></span> <span class='ocrx_word' id='word_1_236' title='bbox 1036 3439 1173 3483; x_wconf 89' lang='lat' dir='ltr'><strong>turba</strong></span> <span class='ocrx_word' id='word_1_237' title='bbox 1203 3448 1361 3484; x_wconf 89' lang='lat' dir='ltr'><strong>secuta</strong></span> <span class='ocrx_word' id='word_1_238' title='bbox 1391 3448 1528 3484; x_wconf 88' lang='lat' dir='ltr'><strong>rotas.</strong></span> 
     </span>
    </p>
   </div>
  </div>
 </body>
</html>
