2566 3886
1150 266 1417 311 -211—

493 414 716 444 versuum
748 397 968 443 traditum
1000 397 1129 442 hisce
1160 396 1444 450 argumentis
1476 396 1731 440 defendere
1754 396 1934 440 studet:
1951 410 2031 448 „es
2048 395 2202 440 diirite

491 494 634 539 kaum
660 493 847 546 zuffillig
877 492 991 544 sein,
1023 493 1129 537 dass
1159 492 1329 545 gerade
1360 491 1437 535 die
1468 491 1749 535 beriihmten
1782 490 2202 535 Geslechtsnamen

492 590 578 634 der
610 588 810 640 Horatii,
842 587 1049 639 Aemilii,
1082 586 1217 631 Fabii
1249 601 1301 630 so
1332 594 1422 639 eng
1452 586 1923 639 zusammengeriickt
1954 585 2073 637 sind,
2104 585 2203 629 und

495 685 636 735 dann,
651 683 742 728 wie
774 683 898 727 Rom
929 683 1080 727 durch
1096 681 1345 735 gottlichen
1365 681 1599 732 Beistand‚
1617 681 1768 725 durch
1785 680 1862 725 die
1880 681 2026 725 Lares
2042 679 2203 732 populi

494 778 695 823 Romani
726 778 824 822 und
851 778 1002 822 durch
1019 777 1096 821 die
1119 775 1279 822 Giinse
1296 776 1382 820 der
1398 775 1518 820 Iuno
1534 790 1617 819 aus
1634 775 1720 819 der
1735 774 2205 828 augenscheinlichen

496 873 676 918 Gefahr
722 873 806 917 des
853 871 1176 925 Unterganges
1207 878 1400 924 gerettet
1429 869 1639 914 wurde.'’
1672 869 1883 914 Primum
1915 878 2071 914 tamen
2103 869 2205 914 veri

492 967 686 1012 similius
731 975 801 1012 est
846 966 1143 1018 Propertium
1187 979 1263 1009 res
1294 964 1353 1009 ab
1386 964 1542 1008 Ennio
1573 973 1780 1008 narratas
1814 979 2078 1008 memorare
2110 978 2206 1017 quo

492 1062 658 1107 ordine
703 1062 803 1114 ipse
849 1069 986 1113 poeta
1030 1060 1191 1113 epicus
1234 1074 1312 1104 eas
1344 1059 1690 1111 memoraverit,
1722 1059 1895 1103 deinde
1926 1074 2022 1103 non
2054 1060 2206 1104 solum

492 1156 821 1202 celeberrimas
861 1155 1054 1200 familias
1086 1155 1323 1199 Romanas
1354 1162 1598 1198 enumerat
1630 1163 1802 1206 noster,
1835 1169 1943 1199 cum
1976 1154 2114 1198 etiam
2147 1154 2207 1198 de

494 1251 715 1298 Curiatiis
763 1250 962 1296 Albanis
1008 1250 1185 1295 mentio
1231 1249 1333 1301 fiat;
1370 1257 1613 1302 praeterea
1644 1258 1748 1301 post
1780 1263 1981 1293 moras
2023 1248 2063 1293 F
2079 1249 2207 1294 abii

490 1347 700 1392 nominat
731 1346 962 1399 proelium
995 1344 1248 1390 Cannense
1280 1344 1446 1389 ordine
1480 1344 1716 1388 historico.
1736 1343 1860 1388 Fere
1877 1343 2035 1388 omnia
2050 1352 2207 1388 autem

493 1457 551 1487 eo
596 1441 762 1486 ordine
808 1448 1065 1492 enumerat,
1112 1454 1208 1492 quo
1254 1448 1380 1493 gesta
1411 1448 1532 1491 sunt,
1565 1448 1610 1484 et
1642 1439 1813 1484 mirum
1846 1439 2056 1491 profecto
2073 1446 2208 1490 esset,

498 1536 535 1581 si
590 1537 680 1581 hoc
726 1550 836 1580 casu
883 1535 1138 1580 accidisset.
1185 1534 1343 1579 Probo
1390 1534 1525 1588 igitur
1572 1549 1680 1579 cum
1729 1534 1962 1588 Postgatio
2009 1533 2209 1578 Polsteri

495 1630 916 1683 transpositionem.

365 1818 434 1864 13.
454 1819 523 1864 14.
556 1835 664 1865 cum
697 1835 774 1865 me
805 1818 1009 1865 Castalia
1041 1820 1286 1872 speculans
1317 1819 1376 1864 ab
1407 1819 1575 1864 arbore
1608 1819 1830 1865 Phoebus

370 3236 440 3281 17.

647 1914 713 1960 sic
743 1915 806 1959 ait
835 1923 995 1959 aurata
1026 1915 1162 1959 nixus
1194 1915 1253 1959 ad
1285 1923 1416 1959 antra
1446 1915 1560 1967 lyra.

497 2009 796 2054 Pentameter
852 2009 1005 2062 primo
1051 2010 1274 2062 adspectu
1321 2009 1567 2055 obscurior
1613 2011 1863 2063 nonnullis,
1911 2011 1958 2055 in
2005 2026 2208 2063 quorum

496 2119 696 2150 numero
745 2103 1036 2149 Hartmanus
1081 2113 1164 2156 est,
1211 2105 1549 2150 dubitationem
1597 2114 1757 2150 movet
1802 2121 1861 2150 an
1900 2115 2121 2159 corrupte
2153 2106 2211 2151 sit

496 2198 705 2250 traditus,
751 2206 798 2244 et
844 2198 1164 2243 Rothsteinius
1210 2214 1356 2251 prave
1402 2214 1507 2244 mea
1549 2200 1742 2252 quidem
1775 2200 2003 2245 sententia
2033 2201 2211 2255 singula

498 2293 646 2338 verba
676 2293 927 2347 coniungit.

499 2388 595 2433 Hic
627 2388 752 2433 enim
785 2403 975 2433 versum
1008 2387 1055 2432 in
1089 2389 1216 2433 hunc
1247 2388 1441 2433 modum
1474 2388 1827 2443 interpungens:
1861 2390 1923 2434 sic
1955 2390 2017 2435 ait
2038 2398 2210 2442 aurata,

496 2482 634 2527 nixus
679 2483 738 2527 ad
784 2491 916 2528 antra
960 2483 1074 2535 lyra,
1106 2491 1318 2535 annotat;
1351 2482 1556 2536 „Apollo
1587 2484 1763 2536 spricht
1794 2485 1877 2529 mit
1908 2486 1994 2530 der
2027 2485 2210 2530 Leier”.

494 2576 586 2622 Sed
618 2578 732 2631 quin
763 2578 899 2629 lyra
929 2592 956 2622 a
988 2577 1231 2630 participio
1262 2577 1446 2623 nixus
1464 2579 1679 2631 pendeat,
1697 2580 1873 2624 nemini
1891 2579 2087 2624 dubium
2108 2595 2210 2624 esse

497 2681 649 2724 potest
692 2673 774 2726 qui
820 2672 1046 2723 meminit,
1092 2681 1239 2717 artem
1271 2672 1544 2724 Apollinem
1577 2674 1678 2726 lyra
1709 2689 1792 2719 sua
1824 2675 1986 2719 nixum
2019 2675 2210 2728 pingere

498 2767 662 2812 solere.
680 2767 868 2811 Deinde
899 2781 994 2811 non
1026 2767 1170 2811 credo
1201 2767 1329 2819 quod
1363 2767 1683 2813 Rothsteinius
1706 2770 1820 2821 vult,
1847 2779 2026 2814 antra
2050 2778 2210 2814 nostro

498 2861 602 2906 loco
633 2862 802 2905 eodem
834 2861 931 2906 fere
960 2863 1102 2906 modo
1117 2870 1256 2915 atque
1274 2862 1309 2906 Ι.
1330 2862 1368 2914 l,
1388 2862 1439 2906 11
1458 2863 1685 2908 adhiberi.
1702 2864 1855 2908 Antra
1871 2865 1931 2909 de
1947 2864 2117 2918 quibus
2134 2864 2210 2908 hic

498 2955 692 3008 legimus
724 2956 947 3008 spelunca
969 2956 1236 3000 nominatur
1263 2971 1331 3000 vs.
1349 2956 1421 3001 27.
1439 2956 1486 3001 Si
1504 2957 1551 3001 in
1568 2958 1694 3002 hunc
1711 2959 1906 3003 modum
1923 2958 2210 3011 explicamus

500 3048 744 3101 distichon,
775 3064 871 3094 non
903 3058 972 3094 est
1002 3065 1087 3094 cur
1102 3051 1383 3103 dubitemuS,
1400 3067 1514 3096 num
1531 3067 1697 3097 versus
1715 3052 1770 3097 10
1786 3061 1913 3097 recte
1928 3053 2122 3097 traditus
2139 3052 2209 3096 sit.

501 3251 596 3281 non
628 3237 703 3281 hic
735 3237 828 3281 ulla
858 3237 940 3281 tibi
971 3238 1201 3289 speranda
1231 3247 1300 3283 est
1330 3239 1464 3291 tama,
1497 3240 1712 3292 Properti

505 3331 710 3376 Fruterii
755 3332 1023 3376 coniectura
1067 3332 1177 3377 hin
1194 3348 1219 3376 c
1266 3348 1352 3386 pro
1386 3334 1418 3377 h
1435 3334 1492 3378 ic
1523 3334 1637 3378 falso
1669 3335 1903 3386 spernitur
1933 3350 1960 3379 a
1990 3335 2209 3380 Vahleno

501 3434 548 3471 et
579 3425 899 3479 Rothsteinio;
931 3426 1158 3471 sententia
1188 3427 1314 3472 enim
1346 3429 1462 3473 haec
1493 3437 1588 3473 est:
1621 3445 1710 3482 „ex
1740 3445 1798 3474 eo
1829 3430 1948 3482 loco,
1971 3445 2066 3483 quo
2083 3445 2209 3475 nunc
