2566 3886
340 2846 411 2891 36.

1141 234 1406 280 —238—

481 367 803 412 Rothsteinius
850 375 896 411 et
943 366 1262 411 Phillimorius
1309 366 1408 422 (hic
1455 365 1748 425 dubitanter)
1794 377 1942 414 totum
1989 385 2195 423 versum,

479 463 590 517 quia
612 462 662 508 N
701 462 883 514 omittit,
915 462 1245 514 interpolatum
1277 462 1476 514 habent;
1508 463 1753 508 Vahlenus
1785 479 1974 510 crucem
2006 467 2197 519 apponit

479 573 671 603 versum
715 566 988 610 corruptum
1030 573 1132 603 esse
1170 567 1353 611 putans.
1394 558 1714 604 Rothsteinius
1745 559 1973 615 (Anhang
2002 575 2047 613 p.
2080 559 2195 619 364)

477 655 543 699 sic
560 653 741 699 scribit:
765 652 950 706 „Schon
992 662 1153 706 wegen
1191 654 1278 698 der
1316 653 1545 708 Messung
1582 669 1677 698 von
1717 654 1859 699 find
1878 670 1907 700 o
1946 655 2003 700 ist
2040 655 2194 701 dieser

478 750 604 794 Vers
636 749 711 793 fiir
744 749 955 802 Properz
986 750 1129 793 kaum
1162 749 1388 802 moglich3
1421 749 1535 803 aber
1565 750 1686 794 auch
1718 750 1923 794 sachlich
1954 754 2124 804 geniigt
2145 766 2197 796 er

479 845 621 897 nicht,
668 844 776 888 weil
823 844 943 888 nach
990 845 1083 888 den
1131 843 1503 896 Ausfiihrungen
1550 844 1669 888 iiber
1707 845 1789 889 das
1820 845 2079 891 Verbalten
2112 847 2196 891 des

478 941 734 986 Maecenas
781 940 867 984 der
913 938 1161 991 Gedanke,
1209 940 1314 984 dass
1361 940 1447 984 der
1479 939 1676 984 Dichter
1707 955 1757 985 es
1789 940 1966 986 ebenso
1997 942 2195 986 machen

477 1036 587 1088 will,
634 1035 758 1080 noch
804 1034 976 1079 einmal
1024 1035 1399 1088 ausgesprochen
1446 1034 1641 1079 werden
1688 1043 1877 1086 musste,
1909 1035 2197 1081 mindestens

476 1133 627 1176 durch
659 1131 735 1175 ein
768 1146 799 1183 q
816 1146 847 1175 ιι
864 1145 893 1174 ο
910 1145 940 1182 q
959 1146 990 1174 u
1007 1145 1048 1181 e,
1081 1129 1317 1174 vielleicht
1348 1128 1406 1173 ist
1437 1129 1550 1174 aber
1567 1129 1695 1174 nicht
1717 1130 1806 1174 ein
1829 1129 1968 1181 Vers,
1991 1130 2195 1175 sondern

476 1227 614 1271 drei
645 1226 799 1270 Verse
831 1225 878 1270 in
911 1226 998 1269 der
1029 1224 1426 1278 Ueberlieferung
1457 1226 1908 1278 ausgeiallen.”

477 1322 658 1367 Contra
692 1321 898 1373 primum
930 1328 1256 1373 argumentum
1289 1320 1396 1365 licet
1427 1320 1681 1366 observare
1713 1322 1837 1374 apud
1868 1321 2120 1367 Horatium
2149 1330 2195 1367 et

476 1416 718 1461 Tibullum
750 1413 919 1469 polio
951 1423 997 1459 et
1028 1414 1248 1459 desino
1281 1414 1483 1460 inveniri
1519 1414 1583 1474 ¹);
1616 1416 1788 1461 deinde
1819 1431 1984 1461 versus
2017 1415 2195 1461 Ovidio

474 1521 613 1558 notus
629 1511 771 1557 fuisse
787 1510 989 1563 videtur,
1007 1511 1066 1555 cf.
1086 1510 1204 1555 Met.
1228 1510 1340 1555 XV.
1359 1510 1469 1555 719:
1493 1512 1586 1556 huc
1610 1512 1690 1557 ubi
1713 1512 2008 1557 veliferam
2026 1520 2194 1557 nautae

472 1609 721 1654 advertere
752 1606 1044 1651 carinam,

476 1720 534 1749 ex
566 1703 689 1748 Pont
721 1702 808 1754 ΙΙΙ,
840 1702 882 1754 2,
914 1701 996 1746 67:

627 1813 735 1843 cum
769 1797 864 1842 duo
896 1797 1173 1842 velifera
1203 1797 1399 1842 iuvenes
1431 1812 1607 1842 venere
1639 1799 1866 1850 carina,

473 1904 519 1940 et
550 1894 631 1947 qui
663 1908 829 1938 versus
860 1892 1055 1937 similior
1085 1901 1168 1945 est,
1216 1892 1519 1938 Pseudo-Ov.
1566 1893 1678 1946 XV,
1711 1893 1792 1938 31:
1825 1909 1912 1939 nec
1944 1909 2021 1939 me
2049 1895 2191 1940 crede

477 1990 677 2035 fretum
726 2002 907 2033 merces
939 1996 1154 2040 portante
1185 1987 1400 2032 carina
1429 1988 1669 2033 findere.
1705 1988 1860 2033 Potuit
1892 1989 2111 2034 excidere
2142 1988 2190 2033 in

474 2084 523 2130 N
544 2093 736 2137 propter
753 2083 903 2128 simile
921 2083 1104 2127 initium
1122 2098 1287 2128 versus
1303 2082 1359 2127 37
1377 2081 1461 2140 (L.
1495 2081 1728 2140 Mueller)
1759 2092 1839 2128 aut
1870 2085 2024 2128 exulat
2055 2099 2191 2137 prop-

471 2189 542 2225 ter
584 2181 705 2224 hanc
736 2179 884 2231 ipsam
927 2193 1130 2230 causam,
1172 2179 1301 2231 quod
1344 2178 1559 2223 librarius
1602 2187 1804 2223 metrum
1837 2193 1940 2223 esse
1970 2179 2190 2224 vitiosum

475 2274 688 2320 credidit.
721 2270 967 2330 (Solbisky
998 2289 1044 2326 p.
1080 2270 1206 2330 179.)

474 2371 693 2415 Alterum
735 2376 1061 2422 argumentum
1104 2367 1219 2412 nihil
1252 2369 1402 2413 valet:
1435 2368 1539 2422 quis
1565 2368 1646 2413 hic
1678 2384 1772 2413 non
1805 2369 2041 2421 cognoscit
2071 2377 2191 2413 tran-

475 2466 588 2510 situs
620 2464 848 2515 duriores,
881 2478 1000 2517 quos
1031 2471 1190 2508 noster
1212 2462 1260 2507 in
1284 2463 1462 2508 deliciis
1484 2463 1664 2508 habet?
1693 2463 1871 2508 Nostro
1887 2465 1991 2508 loco
2007 2463 2189 2509 initium

474 2575 654 2611 versus,
698 2558 779 2611 qui
822 2558 949 2603 nulla
991 2558 1324 2603 coniunctione
1367 2573 1476 2603 cum
1520 2559 1911 2611 praecedentibus
1956 2560 2189 2612 cohaeret,

477 2656 577 2709 ipsa
607 2654 836 2700 brevitate
867 2653 1005 2707 viget.

473 2845 595 2890 Tota
625 2844 712 2889 sub
745 2843 912 2897 exiguo
940 2842 1133 2888 flumine
1165 2852 1323 2888 nostra
1354 2859 1486 2889 mora
1516 2853 1586 2889 est

473 2940 731 2994 Postgatius
774 2938 887 2984 sub
918 2938 1130 2983 defendit
1158 2939 1501 2992 comparando:
1535 2938 1629 2983 Ov.
1663 2938 1774 2983 Fast
1805 2939 1891 2983 IV.
1923 2938 2033 2983 427:
2066 2939 2188 2984 valle

474 3036 574 3081 sub
606 3035 829 3080 umbrosa
859 3034 989 3079 locus
1022 3042 1091 3079 est
1108 3066 1119 3078 .
1137 3066 1148 3078 .
1164 3067 1175 3078 .
1194 3066 1205 3078 .
1237 3033 1319 3079 ubi
1351 3043 1489 3087 poeta
1519 3043 1674 3080 tamen
1707 3033 1806 3080 sub
1837 3033 2042 3086 adhibet,
2058 3033 2186 3086 quod

474 3132 534 3176 de
565 3130 812 3175 arboribus
843 3130 999 3174 locum
1033 3128 1292 3182 tegentibus
1322 3129 1515 3182 cogitat;

474 3226 614 3278 Prop.
649 3225 709 3270 ΙΙ.
741 3224 812 3269 32.
845 3223 928 3269 39:
962 3224 1105 3269 Idaeo
1136 3224 1282 3277 legisti
1313 3239 1454 3278 poma
1484 3224 1593 3269 sub
1625 3232 1772 3275 antro,

473 3321 554 3366 ubi
578 3320 899 3366 Rothsteinius
930 3329 1057 3365 recte
1088 3320 1227 3365 vertit
1244 3335 1255 3364 ε
1300 3335 1330 3365 ιι
1345 3328 1447 3364 nte
1460 3334 1484 3364 r
1527 3319 1557 3363 d
1572 3334 1598 3364 e
1612 3334 1643 3363 n
1688 3318 1726 3363 B
1740 3322 1766 3363 ἣ
1778 3334 1809 3364 ιι
1820 3334 1867 3363 m
1882 3333 1909 3363 e
1922 3334 1968 3363 n.
2001 3317 2186 3363 Neuter

389 3426 417 3472 ι)
469 3430 628 3465 nou-m.
653 3431 781 3465 Journ.
807 3430 852 3464 cs.
880 3430 972 3464 Phil.
998 3429 1091 3464 XXI
1116 3441 1150 3470 p.
1178 3429 1255 3463 1⁶0.
