2566 3886
351 1394 422 1439 31.

1143 269 1410 317 —292—

484 400 562 446 Sil.
594 400 681 445 VI.
715 400 772 445 46
803 400 1056 445 abstulerat
1086 401 1181 445 fors
1213 415 1368 445 arma:
1400 409 1557 447 tamen
1590 404 1844 449 certamine
1877 405 2007 450 nudo

808 495 989 541 invenit
1021 495 1166 540 Marti
1198 496 1343 541 telum
1376 497 1525 542 dolor.

486 610 644 654 Prima
674 609 891 663 galeritus
922 609 1077 662 posuit
1108 609 1340 662 praetoria
1372 609 1602 664 Lygmon,

553 713 814 758 magnaque
846 719 953 757 pars
985 703 1121 749 Tatio
1153 718 1312 749 rerum
1345 713 1444 749 erat
1475 704 1597 750 inter
1627 720 1755 751 oves.

486 801 615 846 Inter
656 801 742 845 hos
785 801 904 845 duos
936 814 1116 852 versus,
1148 798 1229 851 qui
1261 799 1309 843 in
1342 798 1388 843 O
1421 801 1687 854 cohaerent,
1720 801 2015 847 interstitium
2048 804 2202 856 posuit

486 896 834 947 Lachmannus,
863 910 1007 948 quem
1025 894 1339 940 Baehrensius
1355 903 1543 940 secutus
1559 903 1642 940 est.
1660 895 1850 949 Iniuria,
1867 912 1975 942 nam
1993 897 2198 950 primum

485 992 675 1045 antiqua
721 1000 833 1045 gens
880 991 1013 1036 cuius
1059 990 1222 1036 Tatius
1260 1006 1344 1035 rex
1376 999 1474 1035 erat
1505 991 1759 1043 opponitur
1789 992 1985 1037 advenis
2016 991 2199 1045 Tuscis,

485 1088 659 1132 deinde
706 1088 802 1132 duo
848 1101 1014 1132 versus
1056 1086 1231 1139 aliquid
1264 1102 1518 1131 commune
1550 1086 1724 1131 habent
1756 1088 1884 1140 quod
1917 1102 1998 1132 eos
2029 1087 2200 1141 iungit:

484 1192 535 1228 ut
567 1184 783 1237 Lygmon
815 1183 989 1228 rustico
1021 1183 1176 1235 galero
1207 1190 1357 1227 tectus
1388 1190 1500 1234 erat,
1533 1182 1598 1226 sic
1629 1181 1792 1227 Tatius
1824 1183 1922 1228 dux
1953 1182 2201 1228 celeberri-

483 1294 589 1324 mus
621 1279 759 1324 simul
790 1287 948 1332 pastor
977 1287 1089 1323 erat.

484 1394 594 1439 hinc
626 1392 807 1438 Titiens
840 1393 1143 1444 Ramnesque
1174 1391 1264 1436 viri
1298 1391 1603 1444 Luceresque
1635 1391 1789 1436 coloni

486 1490 579 1533 Pro
611 1489 821 1534 coloni
859 1485 960 1545 (O)
993 1487 1043 1532 Ν
1075 1486 1217 1531 habet
1254 1487 1460 1532 soloni
1498 1488 1626 1541 quod
1659 1487 1901 1532 Dieterich
1933 1485 2202 1545 (RhMPh.,

485 1584 580 1629 NF
612 1583 684 1636 55,
717 1598 761 1635 p.
793 1580 907 1640 201)
951 1582 1162 1627 defendit
1204 1582 1372 1627 collato
1404 1583 1547 1628 Dion.
1581 1583 1736 1628 Halic.
1769 1584 1830 1636 II,
1863 1582 1934 1636 37,
1966 1583 1994 1628 2
2034 1581 2122 1640 ἧκε
2152 1582 2205 1627 δὲ

489 1681 617 1734 αὐτῷ
666 1677 923 1735 Τυρρηνῶν
969 1679 1249 1734 ἐπικουρίαν
1288 1679 1457 1734 ἱκανὴν
1494 1680 1624 1735 ἄγων
1656 1681 1711 1722 ἐκ
1739 1676 1989 1722 Σολωνίου
2019 1677 2205 1729 πόλεως

485 1775 605 1831 ἀνὴρ
652 1772 928 1830 δραστήριος
972 1775 1053 1816 καὶ
1096 1775 1153 1816 τὰ
1196 1772 1399 1829 πολέμια
1451 1773 1699 1830 διαφανής,
1743 1772 1983 1830 Δυκόμων
2040 1771 2204 1831 ὄνομα.

486 1870 647 1921 Recte,
693 1878 743 1914 ut
786 1869 980 1921 opinor;
1026 1867 1242 1914 Solonius
1289 1869 1416 1914 enim
1460 1869 1744 1914 adiectivum
1791 1884 1893 1914 esse
1936 1877 2101 1922 potest,
2144 1868 2204 1913 cf.

486 1965 592 2010 Liv.
634 1964 772 2017 VIII,
817 1964 895 2009 12:
939 1964 1156 2009 Antiates
1199 1964 1247 2008 in
1290 1972 1452 2017 agrum
1495 1961 1779 2016 Ostiensem,
1820 1963 2095 2016 Ardeatem,
2127 1962 2206 2009 So-

486 2061 666 2106 lonium
698 2060 990 2105 incursiones
1021 2061 1247 2105 fecerunt.

488 2155 850 2201 Nominativum
883 2156 1112 2208 pluralem
1145 2155 1193 2200 in
1225 2154 1239 2199 i
1272 2170 1359 2207 pro
1391 2154 1434 2199 ii
1465 2163 1717 2199 exeuntem
1749 2155 1872 2206 apud
1905 2154 2203 2208 Propertium

488 2251 685 2304 reperiri
717 2267 855 2304 posse
886 2252 1026 2296 docet
1056 2250 1196 2295 huius
1227 2250 1402 2303 elegiae
1434 2265 1600 2295 versus
1632 2249 1715 2294 34:

643 2355 703 2399 et,
735 2346 818 2398 qui
850 2361 977 2391 nunc
1009 2346 1138 2398 nulli,
1171 2346 1376 2390 maxima
1406 2346 1542 2390 turba
1574 2345 1746 2390 Gabi.

489 2460 725 2504 Venimus
765 2474 892 2504 nunc
934 2460 992 2503 ad
1025 2474 1172 2503 novas
1204 2467 1344 2512 atque
1375 2458 1575 2503 maiores
1608 2458 1923 2510 difficultates3
1955 2466 2203 2511 postquam

488 2555 615 2599 enim
665 2555 997 2599 Lachmannus
1044 2554 1092 2597 in
1139 2569 1224 2598 sua
1269 2554 1475 2598 editione
1522 2568 1646 2598 anno
1691 2552 1805 2598 1816
1836 2553 1961 2597 edita
1991 2560 2202 2598 nostrum

489 2658 708 2702 quartum
756 2648 928 2693 librum
975 2649 1234 2702 fragmenta
1278 2649 1414 2694 rudia
1456 2658 1502 2693 et
1544 2648 1769 2701 indigesta
1799 2648 1858 2693 ab
1889 2648 2050 2693 amicis
2081 2648 2205 2693 edita

489 2745 664 2797 habuit,
710 2745 979 2799 Liitjohann
1024 2753 1071 2789 et
1101 2745 1243 2798 Voigt
1281 2744 1497 2789 ordinem
1530 2758 1755 2789 versuum
1787 2752 2003 2789 accurate
2033 2743 2204 2789 exami-

490 2856 680 2893 navere,
712 2840 793 2893 qui
825 2850 981 2885 tamen
1013 2841 1072 2885 ad
1106 2840 1449 2885 diversissimos
1480 2839 1631 2884 exitus
1663 2847 1996 2891 pervenerunt.
2014 2839 2204 2884 Deinde

490 2936 740 2981 Brandtius
772 2937 880 2981 satis
911 2937 1185 2988 prudenter,
1217 2936 1300 2980 sed
1333 2934 1600 2980 summatim
1632 2942 1826 2986 tantum,
1840 2935 1961 2979 hanc
1977 2933 2204 2986 quaestio·

490 3047 600 3076 nem
632 3031 858 3083 tractavit,
891 3046 980 3076 nec
1011 3046 1107 3076 non
1139 3030 1510 3083 praetereundus
1542 3038 1612 3074 est
1638 3029 1712 3074 vir
1728 3029 2023 3074 doctissimus
2039 3026 2203 3080 Otto‚1)

490 3126 623 3171 cuius
667 3126 1019 3171 observationes
1064 3125 1330 3179 epicriticae
1374 3124 1670 3178 dignissimae
1702 3133 1823 3176 sunt,
1854 3139 1976 3178 quae
2006 3138 2204 3177 perpen-

490 3223 674 3267 dantur.
708 3221 883 3275 Neque
914 3231 1070 3266 tamen
1103 3222 1231 3266 litem
1263 3221 1543 3272 diremptam
1573 3234 1676 3264 esse
1707 3227 1845 3272 patet,
1878 3219 1915 3264 si
1947 3218 2204 3264 recentissi-

491 3332 596 3361 mae
628 3317 858 3361 editiones
890 3316 1011 3361 inter
1042 3331 1093 3361 se
1124 3323 1469 3368 comparantur.

407 3410 437 3455 ¹)
487 3413 835 3448 Commentatioue·
874 3413 1086 3454 Philologae
1123 3413 1161 3446 in
1201 3413 1287 3446 hon.
1325 3411 1373 3446 A.
1402 3411 1708 3452 Reifferscheidii,
1746 3411 2009 3453 Vratialavinc,
2033 3412 2128 3452 apud
2155 3410 2203 3445 G.

359 3472 605 3514 Koebnerum,
634 3472 735 3507 1884.
