2566 3886
1132 286 1398 334 —307—

627 421 704 466 illa
733 420 817 465 tibi
848 429 917 465 est
948 420 1084 473 igitur
1114 419 1371 464 verborum
1403 419 1537 472 copia
1567 434 1696 464 cassa

626 516 793 567 omnis,
825 531 946 568 quae
976 524 1140 560 contra
1171 530 1335 560 sensus
1367 515 1591 560 instructa
1622 523 1779 567 parata
1810 524 1893 567 est,

475 610 556 663 qui
588 610 718 655 locus
749 625 834 662 per
864 611 1124 662 asyndeton
1156 610 1460 662 explicandus
1492 618 1561 654 est
1592 610 1802 663 nihilque
1834 611 2037 662 prodest.

476 705 724 750 Praeterea
754 714 1037 759 magnopere
1068 705 1282 758 displicet
1314 705 1438 750 an
1468 720 1624 759 aqua
1650 720 1759 750 cum
1777 705 2084 750 Lachmanno
2100 721 2186 759 pro

475 800 679 845 ablativo
710 801 800 845 loci
832 808 1091 852 acceptum.

475 895 621 939 Varia
650 895 897 939 coniecere
928 894 1017 939 viri
1051 894 1175 939 docti
1207 903 1347 939 ustu
1362 909 1384 939 s
1415 903 1689 946 corruptum
1722 894 1972 939 habentes:

477 988 790 1035 Baehrensius
822 998 1055 1042 postus,
1089 989 1276 1034 Palmer
1307 998 1527 1034 vastus
1558 987 1668 1047 (sed
1701 989 1812 1034 vide
1831 990 1997 1034 Baehr.
2015 989 2062 1033 in
2081 1004 2185 1041 app.

475 1082 567 1142 cr.)
611 1084 726 1130 Otto
767 1082 862 1142 (H.
905 1084 976 1137 23,
1009 1100 1054 1137 p.
1085 1082 1195 1143 44):
1227 1093 1465 1137 pastus;
1499 1085 1762 1130 Muellerus
1794 1085 1841 1130 in
1873 1094 2002 1130 textu
2034 1085 2188 1138 posuit

475 1179 668 1225 Gruteri
700 1180 969 1225 inventum:

626 1288 756 1324 ustus
786 1287 833 1324 et
865 1278 967 1324 Eoo
998 1280 1191 1324 decolor
1222 1279 1369 1324 Indus
1400 1294 1525 1333 equo

474 1374 533 1419 cf.
565 1374 652 1426 111,
687 1372 755 1426 13,
790 1372 868 1418 16:
900 1388 1019 1427 quos
1051 1373 1242 1418 Aurora
1272 1374 1368 1418 suis
1399 1374 1543 1418 rubra
1574 1375 1750 1419 colorat
1782 1373 1930 1427 equis.

474 1467 566 1513 Sed
598 1483 882 1521 quamquam
915 1483 974 1512 ex
1007 1466 1170 1512 Ovidii
1204 1467 1655 1521 Metamorphoseon
1672 1484 1813 1513 versu
1832 1468 1892 1520 ΙΙ,
1913 1467 1996 1512 153
2014 1467 2186 1512 scimus

473 1578 620 1608 unum
638 1578 697 1608 ex
714 1562 832 1608 Solis
849 1563 982 1616 equis
1014 1563 1055 1608 E
1069 1578 1099 1608 o
1112 1579 1143 1608 u
1157 1579 1204 1608 m
1234 1564 1479 1616 nominari,
1497 1579 1592 1609 non
1610 1573 1766 1609 tamen
1794 1564 1834 1608 E
1848 1579 1876 1609 o
1890 1580 1921 1608 u
1936 1578 1957 1608 s
1989 1578 2015 1607 e
2030 1579 2060 1616 q
2074 1578 2104 1607 u
2119 1578 2149 1606 u
2165 1577 2186 1606 s

473 1672 559 1711 pro
591 1656 622 1702 S
635 1658 691 1702 ol
705 1645 749 1702 e*
763 1657 939 1702 dictum
972 1658 1136 1710 placet.
1157 1657 1463 1702 Housmanus
1479 1673 1621 1711 quem
1639 1667 1825 1703 secutus
1842 1667 1911 1702 est
1928 1657 2186 1710 Postgatius

474 1752 522 1796 in
554 1751 759 1797 editione
790 1766 874 1796 sua
903 1766 944 1796 a.
979 1750 1092 1796 1894
1131 1759 1350 1797 tunsus
1388 1752 1587 1797 coniecit
1618 1767 1705 1805 pro
1743 1762 1934 1805 ustus,
1966 1754 2093 1806 quod
2125 1754 2186 1797 de

472 1856 654 1901 gente
686 1847 862 1892 dictum
895 1846 1049 1891 minus
1080 1846 1334 1892 verisimile
1365 1847 1565 1892 videtur.
1585 1847 1713 1899 Quid
1732 1846 1905 1900 igitur?
1928 1847 2014 1892 Me
2031 1848 2186 1892 iudice

474 1951 649 1987 ustus
686 1943 915 1996 glossema
945 1951 1014 1987 est
1044 1943 1103 1987 ad
1142 1943 1404 1987 decolor
1442 1943 1771 1995 explicandum
1804 1943 2113 1995 adscriptum
2146 1943 2184 1987 si

473 2038 562 2082 hoc
603 2053 770 2082 verum
814 2047 896 2090 est,
940 2037 1211 2090 Propertius
1252 2038 1458 2082 scribere
1502 2037 1674 2089 potuit:
1718 2038 1934 2081 accola
1978 2046 2023 2081 et
2057 2037 2184 2082 ane

473 2133 664 2177 decolor
696 2132 841 2177 Indus
872 2147 1034 2185 aquae.

474 2228 782 2279 Discolor,
827 2241 913 2279 pro
956 2242 1051 2280 quo
1099 2226 1386 2271 Passeratius
1417 2227 1682 2271 decolor
1714 2226 1961 2279 substituit,
1994 2236 2184 2273 tuentur

473 2323 645 2367 Iacobo
688 2331 943 2375 praeeunte
974 2321 1220 2367 Vahlenus
1253 2321 1575 2366 Rothsteinius
1609 2321 1808 2373 Paleyus
1841 2321 2182 2367 Phillimorius:

470 2417 833 2461 discolores
879 2416 1006 2460 enim
1055 2417 1198 2460 Indos
1245 2416 1336 2460 dici
1384 2416 1464 2469 qui
1510 2424 1687 2460 tantum
1728 2431 1754 2459 a
1785 2416 1906 2460 iusto
1938 2416 2182 2460 hominum

473 2512 763 2564 reliquorum
796 2513 954 2557 colore
986 2512 1267 2565 discrepent.

472 2605 564 2650 Sed
610 2607 656 2658 ii,
703 2607 783 2660 qui
816 2607 892 2652 hic
930 2606 1217 2651 discolor
1248 2606 1521 2657 defendunt,
1554 2614 1724 2650 errant.
1760 2605 1984 2659 Namque
2016 2621 2090 2651 res
2122 2607 2184 2651 ita

474 2716 524 2745 se
570 2702 724 2745 habet.
773 2701 1008 2745 Hodierni
1052 2700 1199 2745 critici
1239 2708 1285 2744 te
1329 2699 1696 2752 Hertzbergium
1729 2701 1975 2745 consulere
2006 2701 2182 2746 iubent.

473 2795 518 2839 Is
534 2804 690 2839 autem
711 2795 819 2839 citat
838 2794 1204 2847 Zingerlingium
1222 2795 1280 2838 ad
1298 2794 1457 2838 Valer.
1475 2793 1515 2837 F
1519 2794 1630 2838 lacc.
1648 2794 1709 2845 V,
1728 2793 1828 2838 565.
1848 2795 2183 2840 Examinemus

472 2889 608 2942 igitur
637 2890 779 2941 locos,
810 2904 929 2942 quos
960 2889 1037 2933 ille
1067 2889 1141 2933 vir
1171 2889 1336 2932 doctus
1367 2889 1512 2940 affert,

473 2984 567 3030 Ov.
598 2984 738 3030 Trist.
770 2985 831 3037 V,
864 2985 905 3036 5,
937 2984 988 3029 8:
1020 3000 1237 3038 quaeque
1268 2985 1413 3029 semel
1444 2993 1541 3029 toto
1558 2985 1700 3030 vestis
1717 2985 1831 3029 mihi
1845 2986 2043 3030 sumitur
2059 3001 2182 3031 anno

1089 3090 1300 3126 sumatur
1329 3081 1433 3125 fatis
1464 3081 1751 3125 discolor
1782 3082 1886 3125 alba
1917 3082 2033 3126 meis

471 3181 561 3224 hoc
592 3180 697 3224 loco
727 3187 972 3223 contextus
1003 3179 1141 3222 docet
1172 3192 1438 3222 sermonem
1471 3192 1572 3222 esse
1603 3179 1663 3221 de
1691 3186 1821 3222 veste
1839 3178 1967 3230 nigra
1983 3187 2030 3223 et
2044 3179 2181 3231 tristi;

475 3274 596 3319 Hor.
628 3289 701 3326 ep.
735 3274 771 3326 l,
806 3272 874 3325 18,
907 3272 1003 3316 3.4:
1036 3281 1087 3317 ut
1117 3281 1330 3317 matrona
1361 3272 1595 3316 meretrici
1627 3272 1784 3325 dispar
1815 3272 1902 3316 erit
1932 3281 2072 3324 atque

1034 3368 1333 3419 discolor,
1365 3368 1509 3411 infido
1542 3382 1730 3412 scurrae
1762 3367 1947 3411 distabit
1978 3367 2155 3411 amicus

473 3463 579 3508 Val.
612 3463 766 3508 Flacc.
798 3462 860 3514 V,
893 3461 1005 3507 564:
1036 3462 1178 3507 variis
1208 3462 1342 3507 floret
1374 3462 1449 3506 via
1480 3462 1766 3506 discolor
1796 3462 1950 3506 armis.
