2566 3886
1109 260 1376 307 -271-

454 391 547 438 Sed
578 393 679 446 lege
710 393 824 438 mihi
858 391 1137 437 Rothsteinii
1167 391 1541 436 adnotationem:
1574 391 1680 443 „die
1709 390 1928 437 Geliebte
1957 392 2043 437 soll
2069 391 2167 437 sich

454 488 564 533 dem
597 487 795 533 Dichter
824 486 1073 540 hingebem
1104 486 1152 531 in
1184 486 1314 531 seine
1345 485 1498 531 Arme
1529 485 1681 539 eilen;
1712 486 1827 532 aber
1857 487 1978 532 auch
2010 485 2168 532 Sonne

454 583 552 627 und
585 582 739 628 Mond
771 583 918 628 sollen
951 582 1032 627 ihn
1064 581 1366 636 begiinstigen
1398 581 1525 634 eqs'’.

454 676 565 722 Alia
606 686 762 723 tamen
804 678 930 732 apud
961 677 1116 731 ipsum
1148 676 1446 729 Propertium
1478 675 1687 729 legimus.
1721 676 1767 720 Is
1798 676 1925 721 enim
1959 676 2086 730 fingit
2117 690 2167 722 se

455 772 679 817 miserere
701 773 884 826 puellae
906 772 965 817 ab
981 780 1166 818 amante
1182 772 1259 816 vel
1275 771 1473 824 coniuge
1490 771 1704 816 relictae:
1729 779 1822 823 „tu,
1839 771 2168 823 pulcherrima,

455 882 550 913 non
596 868 734 921 digna
779 882 843 920 es,
889 882 1011 920 quae
1056 866 1312 918 deseratis:
1360 881 1468 911 nam
1511 866 1669 911 omnia
1711 866 1759 911 in
1801 874 1846 911 te
1893 874 2015 919 sunt,
2045 881 2167 919 quae

453 963 652 1008 deceant
680 962 928 1008 feminam:
961 976 1109 1008 unum
1140 961 1223 1006 tibi
1247 962 1404 1006 deest:
1433 961 1604 1006 domus
1626 961 1871 1013 fortunata,
1897 960 2008 1006 veni
2032 961 2169 1014 igitur

454 1058 513 1103 ad
558 1073 648 1110 me,
695 1067 781 1111 ego
822 1057 906 1102 tibi
949 1057 1070 1103 fidus
1101 1057 1239 1109 ero”;
1271 1063 1517 1102 contextus
1548 1064 1674 1101 vetat
1703 1070 1790 1100 nos
1822 1055 2168 1102 Rothsteinium

453 1152 612 1207 sequi;
656 1167 751 1197 non
795 1160 924 1206 rogat
963 1160 1115 1206 poeta,
1153 1160 1204 1196 ut
1234 1151 1389 1204 puella
1420 1151 1508 1196 sibi
1538 1151 1718 1203 faveat3
1751 1151 1851 1204 ipse
1882 1165 1933 1196 se
1963 1152 2167 1204 puellam

453 1247 634 1293 beatam
666 1247 959 1293 redditurum
991 1247 1205 1300 spondet.
1231 1246 1599 1300 Hertzbergium
1621 1255 1793 1299 autem,
1816 1246 1898 1299 qui
1918 1247 2167 1292 exclamat:

453 1341 587 1395 „quis
603 1342 855 1387 immanem
874 1342 1004 1387 illum
1021 1343 1368 1400 ἀναχρονισμόν
1383 1356 1535 1395 aequo
1565 1341 1723 1386 animo
1753 1341 1922 1394 tulerit,
1955 1349 2006 1386 ut
2032 1350 2169 1395 poeta

455 1437 660 1491 primum
693 1437 895 1482 interdiu
922 1437 1081 1482 lunam
1110 1437 1322 1488 advocet,
1346 1435 1520 1481 deinde
1542 1436 1601 1480 ad
1626 1435 1872 1481 Phoebum
1896 1451 2168 1487 conversus,

452 1543 502 1579 ut
548 1534 612 1579 illi
658 1534 763 1579 loco
809 1533 956 1582 cedat.
1004 1541 1222 1586 precatur
1234 1531 1290 1576 ?’'
1337 1532 1460 1577 bene
1506 1532 1673 1577 refutat
1719 1532 1793 1577 vir
1839 1532 2004 1577 doctus
2049 1531 2167 1577 Otto

451 1627 742 1687 (Versumst.
775 1629 796 1673 1
828 1644 872 1682 p.
905 1625 990 1686 24)
1020 1628 1092 1673 his
1124 1627 1306 1672 verbis:
1350 1626 1651 1680 „Hertzberg
1691 1627 1816 1671 hatte
1847 1627 1993 1679 recht,
2025 1642 2166 1672 wenn

452 1724 529 1769 die
562 1723 682 1769 Bitte
712 1738 771 1768 an
805 1721 1026 1767 Phoebus
1048 1722 1147 1767 sich
1171 1721 1249 1767 auf
1270 1720 1527 1766 denselben
1550 1719 1650 1774 Tag
1671 1721 1769 1766 und
1793 1721 1922 1766 nicht
1937 1722 2169 1767 vielmehr

452 1819 531 1864 aut
561 1819 654 1864 den
684 1818 936 1872 folgenden
969 1817 1171 1870 Morgen
1204 1816 1425 1870 bezoge”.

452 1912 545 1959 Sed
587 1914 676 1959 alia
721 1913 964 1958 difficultas
1010 1920 1163 1957 restat.
1196 1911 1324 1957 Nam
1356 1911 1454 1956 fere
1485 1926 1650 1956 omnes
1681 1911 1885 1957 editores
1917 1921 2166 1965 sequentes

452 2009 671 2054 carminis
714 2023 894 2061 versus,
937 2007 1178 2062 quomodo
1220 2007 1516 2058 cohaereant,
1558 2006 1780 2059 explicari
1815 2014 1978 2059 putant
2010 2006 2167 2051 Iacobi

451 2103 847 2157 interpretatione,
878 2102 1011 2148 cuius
1042 2102 1190 2147 verba
1220 2101 1297 2146 hic
1328 2100 1616 2146 exscribam:

452 2199 693 2253 „Longam
735 2206 924 2251 exoptat
966 2206 1152 2243 noctem
1197 2197 1335 2242 etiam
1368 2196 1430 2242 ob
1461 2211 1565 2241 eam
1597 2210 1800 2249 causam,
1832 2197 1943 2250 quia
1972 2196 2166 2242 foedera

450 2303 558 2339 ante
589 2294 755 2348 gaudia
785 2293 1005 2347 ponenda
1034 2301 1167 2345 sunt:
1199 2292 1316 2336 haec
1339 2290 1596 2337 certissima
1618 2291 1718 2335 {ore
1741 2300 1909 2344 sperat,
1931 2292 2014 2337 sed
2037 2292 2165 2345 quod

451 2398 617 2443 magna
661 2389 728 2434 eis
770 2388 995 2441 temporis
1038 2387 1214 2433 iactura
1254 2386 1470 2432 facienda
1500 2386 1571 2438 sit,
1603 2386 1829 2439 queritur.
1861 2385 1979 2431 Sunt
2009 2395 2164 2431 tamen

451 2484 714 2530 necessario
745 2483 953 2529 icienda:
985 2498 1190 2536 namque
1221 2482 1303 2528 ubi
1334 2496 1430 2527 non
1461 2482 1588 2534 eqs”.

451 2579 543 2626 Sed
574 2579 680 2633 quis
710 2594 806 2624 non
838 2579 967 2624 videt
998 2593 1189 2623 versum
1221 2577 1293 2629 21,
1325 2577 1454 2631 quod
1477 2592 1504 2622 a
1525 2575 1856 2621 coniunctione
1888 2590 2022 2621 nam
2054 2575 2165 2620 inci-

450 2675 559 2727 piat,
590 2689 778 2719 causam
820 2673 1078 2725 nominare,
1110 2688 1196 2718 cur
1225 2672 1419 2717 foedera
1449 2672 1578 2725 prius
1610 2671 1855 2724 pangenda
1885 2670 1999 2715 sint:
2043 2684 2165 2722 quae

450 2777 606 2813 tamen
638 2767 836 2813 Iacobus
867 2768 1066 2820 supplet,
1098 2776 1148 2812 ut
1179 2766 1498 2812 coniunctioni
1530 2781 1659 2811 nam
1692 2780 1824 2811 suam
1851 2765 1949 2810 vim
1972 2764 2163 2809 reddat:

451 2871 589 2915 „sunt
618 2871 775 2908 tamen
806 2862 1070 2908 necessario
1101 2861 1328 2912 icienda”,
1360 2875 1420 2905 ex
1451 2859 1598 2904 nihilo
1628 2859 1735 2904 ficta
1764 2867 1885 2905 sunt.
1926 2859 2050 2912 Ergo
2082 2859 2163 2903 du-

451 2957 598 3002 bitare
630 2971 725 3002 non
756 2956 878 3009 licet,
909 2956 1023 3009 quin
1055 2956 1386 3000 Lachmannus
1407 2952 1448 3012 ¹)
1469 2969 1636 3000 verum
1660 2953 1845 3005 viderit,
1867 2968 1975 2998 cum
1998 2967 2164 2998 versus

455 3049 523 3095 19.
555 3049 613 3095 20
658 3058 764 3096 ante
810 3065 1001 3095 versum
1049 3048 1104 3094 15
1140 3049 1381 3094 insereret.
1420 3048 1529 3093 Hac
1566 3048 1924 3100 transpositione
1955 3047 2002 3091 in
2034 3054 2163 3091 textu

451 3145 600 3197 posita
630 3145 908 3190 adverbium
940 3159 971 3196 p
987 3159 1012 3188 r
1027 3144 1042 3188 i
1058 3159 1090 3188 u
1106 3158 1128 3188 s
1159 3157 1300 3188 versu
1335 3142 1389 3187 15
1421 3157 1553 3188 suam
1585 3142 1683 3186 vim
1716 3141 1893 3194 recipit.

451 3238 625 3284 Totum
656 3248 812 3284 autem
842 3254 1032 3284 carmen
1065 3238 1130 3282 sic
1162 3238 1304 3282 edere
1336 3237 1506 3282 velim:

368 3386 394 3432 ι)
442 3389 603 3432 Scaliger
639 3401 769 3424 versus
805 3389 859 3423 19.
884 3389 930 3423 20
968 3396 1051 3429 pont
1078 3389 1122 3423 16
1147 3396 1386 3429 tran-ponere
1411 3387 1549 3427 voluit:
1578 3388 1642 3420 aed
1670 3386 1896 3420 Lachmanni
1921 3386 2162 3427 transpositio

319 3450 398 3484 oola
422 3461 510 3484 vera
535 3456 603 3490 est,
630 3449 675 3483 cf.
700 3449 815 3488 ipsiu·
840 3448 1128 3483 adnotationem.
