<?xml version="1.0" encoding="UTF-8"?>
<!DOCTYPE html PUBLIC "-//W3C//DTD XHTML 1.0 Transitional//EN"
    "http://www.w3.org/TR/xhtml1/DTD/xhtml1-transitional.dtd">
<html xmlns="http://www.w3.org/1999/xhtml" xml:lang="en" lang="en">
 <head>
  <title>
</title>
<meta http-equiv="Content-Type" content="text/html;charset=utf-8" />
  <meta name='ocr-system' content='tesseract 3.04.00' />
  <meta name='ocr-capabilities' content='ocr_page ocr_carea ocr_par ocr_line ocrx_word'/>
</head>
<body>
  <div class='ocr_page' id='page_1' title='image "./adpropertiicarmi00enkpuoft_0078.png"; bbox 0 0 2566 3886; ppageno 0'>
   <div class='ocr_carea' id='block_1_1' title="bbox 1115 254 1351 299">
    <p class='ocr_par' dir='ltr' id='par_1_1' title="bbox 1115 254 1351 299">
     <span class='ocr_line' id='line_1_1' title="bbox 1115 254 1351 299; baseline 0 -13"><span class='ocrx_word' id='word_1_1' title='bbox 1115 254 1351 299; x_wconf 71' lang='lat'><strong>-62-</strong></span> 
     </span>
    </p>
   </div>
   <div class='ocr_carea' id='block_1_2' title="bbox 436 385 2166 1774">
    <p class='ocr_par' dir='ltr' id='par_1_2' title="bbox 436 385 2163 1202">
     <span class='ocr_line' id='line_1_2' title="bbox 438 385 2158 441; baseline 0.001 -11"><span class='ocrx_word' id='word_1_2' title='bbox 438 385 755 431; x_wconf 88' lang='lat' dir='ltr'><strong>Phillimorius</strong></span> <span class='ocrx_word' id='word_1_3' title='bbox 802 400 993 430; x_wconf 91' lang='lat' dir='ltr'><strong>versum</strong></span> <span class='ocrx_word' id='word_1_4' title='bbox 1028 385 1084 430; x_wconf 88' lang='lat'><strong>19</strong></span> <span class='ocrx_word' id='word_1_5' title='bbox 1130 386 1196 431; x_wconf 89' lang='lat' dir='ltr'><strong>sic</strong></span> <span class='ocrx_word' id='word_1_6' title='bbox 1234 386 1588 439; x_wconf 84' lang='lat' dir='ltr'><strong>interpretatur:</strong></span> <span class='ocrx_word' id='word_1_7' title='bbox 1628 387 1719 439; x_wconf 88' lang='lat' dir='ltr'><strong>„oh</strong></span> <span class='ocrx_word' id='word_1_8' title='bbox 1759 387 1856 432; x_wconf 90' lang='lat' dir='ltr'><strong>that</strong></span> <span class='ocrx_word' id='word_1_9' title='bbox 1887 402 1981 440; x_wconf 88' lang='lat' dir='ltr'><strong>you</strong></span> <span class='ocrx_word' id='word_1_10' title='bbox 2013 386 2158 441; x_wconf 76' lang='lat' dir='ltr'><strong>might</strong></span> 
     </span>
     <span class='ocr_line' id='line_1_3' title="bbox 436 481 2158 534; baseline 0.001 -9"><span class='ocrx_word' id='word_1_11' title='bbox 436 481 528 526; x_wconf 87' lang='lat' dir='ltr'><strong>feel</strong></span> <span class='ocrx_word' id='word_1_12' title='bbox 570 481 661 526; x_wconf 91' lang='lat' dir='ltr'><strong>this</strong></span> <span class='ocrx_word' id='word_1_13' title='bbox 699 481 839 525; x_wconf 89' lang='lat' dir='ltr'>when</span> <span class='ocrx_word' id='word_1_14' title='bbox 878 496 973 533; x_wconf 89' lang='lat' dir='ltr'><strong>you</strong></span> <span class='ocrx_word' id='word_1_15' title='bbox 1011 496 1091 526; x_wconf 90' lang='lat' dir='ltr'><strong>are</strong></span> <span class='ocrx_word' id='word_1_16' title='bbox 1128 481 1250 526; x_wconf 87' lang='lat' dir='ltr'><strong>alive</strong></span> <span class='ocrx_word' id='word_1_17' title='bbox 1287 482 1380 526; x_wconf 90' lang='lat' dir='ltr'><strong>and</strong></span> <span class='ocrx_word' id='word_1_18' title='bbox 1414 481 1434 525; x_wconf 97' lang='grc' dir='ltr'><strong>Ι</strong></span> <span class='ocrx_word' id='word_1_19' title='bbox 1467 495 1542 526; x_wconf 87' lang='lat' dir='ltr'><strong>am</strong></span> <span class='ocrx_word' id='word_1_20' title='bbox 1574 496 1601 525; x_wconf 89' lang='lat' dir='ltr'><strong>a</strong></span> <span class='ocrx_word' id='word_1_21' title='bbox 1631 482 1830 527; x_wconf 90' lang='lat' dir='ltr'><strong>charred</strong></span> <span class='ocrx_word' id='word_1_22' title='bbox 1862 482 2079 534; x_wconf 86' lang='lat' dir='ltr'><strong>ember’&#39;;</strong></span> <span class='ocrx_word' id='word_1_23' title='bbox 2111 491 2158 527; x_wconf 91' lang='lat' dir='ltr'><strong>et</strong></span> 
     </span>
     <span class='ocr_line' id='line_1_4' title="bbox 440 575 2159 630; baseline 0 -9"><span class='ocrx_word' id='word_1_24' title='bbox 440 576 650 628; x_wconf 75' lang='lat' dir='ltr'><strong>prolecto</strong></span> <span class='ocrx_word' id='word_1_25' title='bbox 695 584 891 630; x_wconf 83' lang='lat' dir='ltr'><strong>possunt</strong></span> <span class='ocrx_word' id='word_1_26' title='bbox 936 576 1083 621; x_wconf 89' lang='lat' dir='ltr'><strong>verba</strong></span> <span class='ocrx_word' id='word_1_27' title='bbox 1128 576 1295 621; x_wconf 87' lang='lat' dir='ltr'><strong>tradita</strong></span> <span class='ocrx_word' id='word_1_28' title='bbox 1332 576 1397 620; x_wconf 92' lang='lat' dir='ltr'><strong>sic</strong></span> <span class='ocrx_word' id='word_1_29' title='bbox 1435 575 1569 628; x_wconf 89' lang='lat' dir='ltr'><strong>verti,</strong></span> <span class='ocrx_word' id='word_1_30' title='bbox 1607 576 1830 629; x_wconf 82' lang='lat' dir='ltr'><strong>quoniam</strong></span> <span class='ocrx_word' id='word_1_31' title='bbox 1869 591 1977 621; x_wconf 91' lang='lat' dir='ltr'><strong>cum</strong></span> <span class='ocrx_word' id='word_1_32' title='bbox 2025 593 2072 621; x_wconf 90' lang='lat' dir='ltr'><strong>m</strong></span> <span class='ocrx_word' id='word_1_33' title='bbox 2089 592 2116 622; x_wconf 95' lang='lat' dir='ltr'><strong>e</strong></span> <span class='ocrx_word' id='word_1_34' title='bbox 2133 576 2159 621; x_wconf 70' lang='lat' dir='ltr'>fi</span> 
     </span>
     <span class='ocr_line' id='line_1_5' title="bbox 582 669 2157 725; baseline 0.001 -8.918"><span class='ocrx_word' id='word_1_35' title='bbox 582 671 831 716; x_wconf 67' lang='lat' dir='ltr'><strong>favilla</strong></span> <span class='ocrx_word' id='word_1_36' title='bbox 883 686 1156 725; x_wconf 88' lang='lat' dir='ltr'><strong>comparare</strong></span> <span class='ocrx_word' id='word_1_37' title='bbox 1202 671 1310 716; x_wconf 91' lang='lat' dir='ltr'><strong>licet</strong></span> <span class='ocrx_word' id='word_1_38' title='bbox 1355 671 1416 723; x_wconf 93' lang='grc' dir='ltr'><strong>ΙΙ,</strong></span> <span class='ocrx_word' id='word_1_39' title='bbox 1464 669 1506 723; x_wconf 93' lang='lat'><strong>9,</strong></span> <span class='ocrx_word' id='word_1_40' title='bbox 1552 670 1635 716; x_wconf 89' lang='lat'><strong>52:</strong></span> <span class='ocrx_word' id='word_1_41' title='bbox 1683 680 1882 716; x_wconf 91' lang='lat' dir='ltr'><strong>mortem</strong></span> <span class='ocrx_word' id='word_1_42' title='bbox 1930 680 2016 725; x_wconf 76' lang='lat' dir='ltr'><strong>ego</strong></span> <span class='ocrx_word' id='word_1_43' title='bbox 2062 686 2157 717; x_wconf 93' lang='lat' dir='ltr'><strong>non</strong></span> 
     </span>
     <span class='ocr_line' id='line_1_6' title="bbox 444 766 2161 820; baseline 0 -9"><span class='ocrx_word' id='word_1_44' title='bbox 444 767 614 820; x_wconf 76' lang='lat' dir='ltr'><strong>fugiam</strong></span> <span class='ocrx_word' id='word_1_45' title='bbox 647 775 798 811; x_wconf 90' lang='lat' dir='ltr'><strong>morte</strong></span> <span class='ocrx_word' id='word_1_46' title='bbox 830 767 988 812; x_wconf 91' lang='lat' dir='ltr'><strong>subire</strong></span> <span class='ocrx_word' id='word_1_47' title='bbox 1019 775 1111 819; x_wconf 91' lang='lat' dir='ltr'><strong>tua,</strong></span> <span class='ocrx_word' id='word_1_48' title='bbox 1143 767 1227 811; x_wconf 91' lang='lat' dir='ltr'><strong>sed</strong></span> <span class='ocrx_word' id='word_1_49' title='bbox 1252 766 1388 811; x_wconf 87' lang='lat' dir='ltr'><strong>aliam</strong></span> <span class='ocrx_word' id='word_1_50' title='bbox 1415 766 1492 811; x_wconf 92' lang='lat' dir='ltr'><strong>hic</strong></span> <span class='ocrx_word' id='word_1_51' title='bbox 1523 766 1800 811; x_wconf 85' lang='lat' dir='ltr'><strong>sententiam</strong></span> <span class='ocrx_word' id='word_1_52' title='bbox 1823 774 2161 819; x_wconf 80' lang='lat' dir='ltr'><strong>exspectamus,</strong></span> 
     </span>
     <span class='ocr_line' id='line_1_7' title="bbox 442 859 2162 920; baseline -0.001 -13"><span class='ocrx_word' id='word_1_53' title='bbox 442 871 492 907; x_wconf 92' lang='lat' dir='ltr'><strong>ut</strong></span> <span class='ocrx_word' id='word_1_54' title='bbox 545 870 671 907; x_wconf 88' lang='lat' dir='ltr'><strong>recte</strong></span> <span class='ocrx_word' id='word_1_55' title='bbox 718 862 988 907; x_wconf 89' lang='lat' dir='ltr'><strong>observavit</strong></span> <span class='ocrx_word' id='word_1_56' title='bbox 1035 861 1349 907; x_wconf 88' lang='lat' dir='ltr'><strong>Baehrensius</strong></span> <span class='ocrx_word' id='word_1_57' title='bbox 1395 859 1605 919; x_wconf 81' lang='lat' dir='ltr'><strong>(Proleg.</strong></span> <span class='ocrx_word' id='word_1_58' title='bbox 1653 859 1877 920; x_wconf 84' lang='lat' dir='ltr'>XV111):</span> <span class='ocrx_word' id='word_1_59' title='bbox 1911 876 2041 914; x_wconf 89' lang='lat' dir='ltr'><strong>„rem</strong></span> <span class='ocrx_word' id='word_1_60' title='bbox 2074 860 2162 906; x_wconf 92' lang='lat' dir='ltr'><strong>sibi</strong></span> 
     </span>
     <span class='ocr_line' id='line_1_8' title="bbox 441 955 2162 1011; baseline 0 -9"><span class='ocrx_word' id='word_1_61' title='bbox 441 966 615 1011; x_wconf 82' lang='lat' dir='ltr'><strong>gratam</strong></span> <span class='ocrx_word' id='word_1_62' title='bbox 654 957 1003 1009; x_wconf 84' lang='lat' dir='ltr'><strong>iucundamque</strong></span> <span class='ocrx_word' id='word_1_63' title='bbox 1038 972 1212 1010; x_wconf 91' lang='lat' dir='ltr'><strong>cupere</strong></span> <span class='ocrx_word' id='word_1_64' title='bbox 1245 956 1386 1001; x_wconf 88' lang='lat' dir='ltr'><strong>debet</strong></span> <span class='ocrx_word' id='word_1_65' title='bbox 1417 956 1455 1001; x_wconf 93' lang='lat' dir='ltr'><strong>is</strong></span> <span class='ocrx_word' id='word_1_66' title='bbox 1486 955 1620 1001; x_wconf 92' lang='lat' dir='ltr'><strong>cuius</strong></span> <span class='ocrx_word' id='word_1_67' title='bbox 1651 956 1875 1009; x_wconf 88' lang='lat' dir='ltr'><strong>deinceps</strong></span> <span class='ocrx_word' id='word_1_68' title='bbox 1906 958 2023 1002; x_wconf 89' lang='lat' dir='ltr'><strong>haec</strong></span> <span class='ocrx_word' id='word_1_69' title='bbox 2054 965 2162 1002; x_wconf 89' lang='lat' dir='ltr'><strong>sunt</strong></span> 
     </span>
     <span class='ocr_line' id='line_1_9' title="bbox 444 1052 2163 1105; baseline -0.001 -7"><span class='ocrx_word' id='word_1_70' title='bbox 444 1053 603 1105; x_wconf 88' lang='lat' dir='ltr'><strong>verba,</strong></span> <span class='ocrx_word' id='word_1_71' title='bbox 642 1061 741 1098; x_wconf 93' lang='lat' dir='ltr'><strong>tum</strong></span> <span class='ocrx_word' id='word_1_72' title='bbox 780 1052 894 1097; x_wconf 92' lang='lat' dir='ltr'><strong>mihi</strong></span> <span class='ocrx_word' id='word_1_73' title='bbox 932 1067 1027 1097; x_wconf 92' lang='lat' dir='ltr'><strong>non</strong></span> <span class='ocrx_word' id='word_1_74' title='bbox 1066 1053 1161 1097; x_wconf 92' lang='lat' dir='ltr'><strong>ullo</strong></span> <span class='ocrx_word' id='word_1_75' title='bbox 1199 1067 1326 1097; x_wconf 91' lang='lat' dir='ltr'><strong>mors</strong></span> <span class='ocrx_word' id='word_1_76' title='bbox 1364 1052 1420 1096; x_wconf 92' lang='lat' dir='ltr'><strong>sit</strong></span> <span class='ocrx_word' id='word_1_77' title='bbox 1458 1066 1615 1096; x_wconf 86' lang='lat' dir='ltr'><strong>amara</strong></span> <span class='ocrx_word' id='word_1_78' title='bbox 1650 1052 1798 1096; x_wconf 87' lang='lat' dir='ltr'><strong>loco”.</strong></span> <span class='ocrx_word' id='word_1_79' title='bbox 1832 1052 1976 1103; x_wconf 92' lang='lat' dir='ltr'><strong>Quod</strong></span> <span class='ocrx_word' id='word_1_80' title='bbox 2007 1061 2163 1098; x_wconf 88' lang='lat' dir='ltr'><strong>tamen</strong></span> 
     </span>
     <span class='ocr_line' id='line_1_10' title="bbox 445 1147 1188 1202; baseline -0.001 -9"><span class='ocrx_word' id='word_1_81' title='bbox 445 1149 545 1201; x_wconf 86' lang='lat' dir='ltr'><strong>ipse</strong></span> <span class='ocrx_word' id='word_1_82' title='bbox 577 1148 821 1202; x_wconf 87' lang='lat' dir='ltr'><strong>proposuit</strong></span> <span class='ocrx_word' id='word_1_83' title='bbox 851 1147 1188 1192; x_wconf 85' lang='lat' dir='ltr'><strong>Baehrensius:</strong></span> 
     </span>
    </p>

    <p class='ocr_par' dir='ltr' id='par_1_3' title="bbox 444 1242 2166 1774">
     <span class='ocr_line' id='line_1_11' title="bbox 562 1242 1734 1296; baseline -0.002 -7"><span class='ocrx_word' id='word_1_84' title='bbox 562 1259 683 1296; x_wconf 88' lang='lat' dir='ltr'><strong>quae</strong></span> <span class='ocrx_word' id='word_1_85' title='bbox 714 1259 823 1288; x_wconf 92' lang='lat' dir='ltr'><strong>cum</strong></span> <span class='ocrx_word' id='word_1_86' title='bbox 856 1243 1000 1288; x_wconf 85' lang='lat' dir='ltr'><strong>mixta</strong></span> <span class='ocrx_word' id='word_1_87' title='bbox 1031 1258 1137 1288; x_wconf 90' lang='lat' dir='ltr'><strong>mea</strong></span> <span class='ocrx_word' id='word_1_88' title='bbox 1167 1243 1342 1296; x_wconf 91' lang='lat' dir='ltr'><strong>possim</strong></span> <span class='ocrx_word' id='word_1_89' title='bbox 1375 1242 1548 1288; x_wconf 91' lang='lat' dir='ltr'><strong>sentire</strong></span> <span class='ocrx_word' id='word_1_90' title='bbox 1580 1243 1734 1288; x_wconf 75' lang='lat' dir='ltr'><strong>favilla</strong></span> 
     </span>
     <span class='ocr_line' id='line_1_12' title="bbox 445 1339 2162 1392; baseline 0.001 -9"><span class='ocrx_word' id='word_1_91' title='bbox 445 1339 559 1384; x_wconf 90' lang='lat' dir='ltr'><strong>mihi</strong></span> <span class='ocrx_word' id='word_1_92' title='bbox 606 1354 702 1384; x_wconf 92' lang='lat' dir='ltr'><strong>non</strong></span> <span class='ocrx_word' id='word_1_93' title='bbox 763 1339 928 1392; x_wconf 91' lang='lat' dir='ltr'><strong>placet,</strong></span> <span class='ocrx_word' id='word_1_94' title='bbox 991 1339 1119 1392; x_wconf 89' lang='lat' dir='ltr'><strong>quod</strong></span> <span class='ocrx_word' id='word_1_95' title='bbox 1181 1339 1336 1383; x_wconf 88' lang='lat' dir='ltr'><strong>viva</strong></span> <span class='ocrx_word' id='word_1_96' title='bbox 1382 1347 1427 1383; x_wconf 91' lang='lat' dir='ltr'><strong>et</strong></span> <span class='ocrx_word' id='word_1_97' title='bbox 1475 1354 1610 1383; x_wconf 92' lang='lat' dir='ltr'><strong>mea</strong></span> <span class='ocrx_word' id='word_1_98' title='bbox 1656 1339 1897 1384; x_wconf 80' lang='lat' dir='ltr'><strong>favilla</strong></span> <span class='ocrx_word' id='word_1_99' title='bbox 1943 1339 2065 1384; x_wconf 89' lang='lat' dir='ltr'><strong>inter</strong></span> <span class='ocrx_word' id='word_1_100' title='bbox 2111 1354 2162 1385; x_wconf 89' lang='lat' dir='ltr'><strong>se</strong></span> 
     </span>
     <span class='ocr_line' id='line_1_13' title="bbox 445 1431 1647 1492; baseline -0.002 -12"><span class='ocrx_word' id='word_1_101' title='bbox 445 1435 621 1488; x_wconf 93' lang='lat' dir='ltr'><strong>opponi</strong></span> <span class='ocrx_word' id='word_1_102' title='bbox 653 1443 857 1488; x_wconf 85' lang='lat' dir='ltr'><strong>apparet.</strong></span> <span class='ocrx_word' id='word_1_103' title='bbox 890 1431 974 1491; x_wconf 80' lang='lat' dir='ltr'><strong>(cf.</strong></span> <span class='ocrx_word' id='word_1_104' title='bbox 1008 1433 1250 1485; x_wconf 79' lang='lat' dir='ltr'><strong>ottonem,</strong></span> <span class='ocrx_word' id='word_1_105' title='bbox 1284 1433 1349 1478; x_wconf 90' lang='lat' dir='ltr'><strong>H.</strong></span> <span class='ocrx_word' id='word_1_106' title='bbox 1382 1433 1454 1486; x_wconf 84' lang='lat'><strong>23,</strong></span> <span class='ocrx_word' id='word_1_107' title='bbox 1485 1449 1530 1487; x_wconf 89' lang='lat' dir='ltr'><strong>p.</strong></span> <span class='ocrx_word' id='word_1_108' title='bbox 1563 1431 1647 1492; x_wconf 89' lang='lat'><strong>26)</strong></span> 
     </span>
     <span class='ocr_line' id='line_1_14' title="bbox 444 1523 2162 1583; baseline 0 -8"><span class='ocrx_word' id='word_1_109' title='bbox 444 1530 592 1575; x_wconf 88' lang='lat' dir='ltr'><strong>Aliud</strong></span> <span class='ocrx_word' id='word_1_110' title='bbox 624 1523 929 1583; x_wconf 79' lang='lat' dir='ltr'><strong>argumenten</strong></span> <span class='ocrx_word' id='word_1_111' title='bbox 962 1529 1089 1583; x_wconf 88' lang='lat' dir='ltr'><strong>quod</strong></span> <span class='ocrx_word' id='word_1_112' title='bbox 1122 1538 1207 1582; x_wconf 79' lang='lat' dir='ltr'><strong>ego</strong></span> <span class='ocrx_word' id='word_1_113' title='bbox 1228 1529 1435 1574; x_wconf 80' lang='lat' dir='ltr'><strong>adferam</strong></span> <span class='ocrx_word' id='word_1_114' title='bbox 1459 1529 1518 1574; x_wconf 92' lang='lat' dir='ltr'><strong>ad</strong></span> <span class='ocrx_word' id='word_1_115' title='bbox 1542 1530 1960 1575; x_wconf 86' lang='lat' dir='ltr'><strong>demonstrandum</strong></span> <span class='ocrx_word' id='word_1_116' title='bbox 1983 1539 2162 1575; x_wconf 88' lang='lat' dir='ltr'><strong>textum</strong></span> 
     </span>
     <span class='ocr_line' id='line_1_15' title="bbox 444 1624 2166 1679; baseline 0 -8"><span class='ocrx_word' id='word_1_117' title='bbox 444 1625 664 1671; x_wconf 86' lang='lat' dir='ltr'><strong>traditum</strong></span> <span class='ocrx_word' id='word_1_118' title='bbox 697 1633 970 1678; x_wconf 87' lang='lat' dir='ltr'><strong>corruptum</strong></span> <span class='ocrx_word' id='word_1_119' title='bbox 1002 1639 1105 1669; x_wconf 87' lang='lat' dir='ltr'><strong>esse</strong></span> <span class='ocrx_word' id='word_1_120' title='bbox 1137 1633 1219 1676; x_wconf 89' lang='lat' dir='ltr'><strong>est,</strong></span> <span class='ocrx_word' id='word_1_121' title='bbox 1251 1625 1379 1678; x_wconf 87' lang='lat' dir='ltr'><strong>quod</strong></span> <span class='ocrx_word' id='word_1_122' title='bbox 1411 1624 1610 1678; x_wconf 86' lang='lat' dir='ltr'><strong>quisque</strong></span> <span class='ocrx_word' id='word_1_123' title='bbox 1641 1625 1789 1670; x_wconf 87' lang='lat' dir='ltr'><strong>verba</strong></span> <span class='ocrx_word' id='word_1_124' title='bbox 1820 1625 1985 1670; x_wconf 89' lang='lat' dir='ltr'><strong>tradita</strong></span> <span class='ocrx_word' id='word_1_125' title='bbox 2008 1626 2166 1679; x_wconf 79' lang='lat' dir='ltr'><strong>legens</strong></span> 
     </span>
     <span class='ocr_line' id='line_1_16' title="bbox 446 1718 1432 1774; baseline -0.003 -8"><span class='ocrx_word' id='word_1_126' title='bbox 446 1721 625 1774; x_wconf 87' lang='lat' dir='ltr'><strong>putabit</strong></span> <span class='ocrx_word' id='word_1_127' title='bbox 671 1737 702 1774; x_wconf 91' lang='lat' dir='ltr'>q</span> <span class='ocrx_word' id='word_1_128' title='bbox 719 1736 750 1765; x_wconf 96' lang='lat' dir='ltr'><strong>u</strong></span> <span class='ocrx_word' id='word_1_129' title='bbox 766 1735 794 1764; x_wconf 89' lang='lat' dir='ltr'><strong>a</strong></span> <span class='ocrx_word' id='word_1_130' title='bbox 810 1734 836 1764; x_wconf 92' lang='lat' dir='ltr'><strong>e</strong></span> <span class='ocrx_word' id='word_1_131' title='bbox 882 1719 942 1764; x_wconf 87' lang='lat' dir='ltr'><strong>ad</strong></span> <span class='ocrx_word' id='word_1_132' title='bbox 988 1734 1017 1764; x_wconf 93' lang='lat' dir='ltr'><strong>o</strong></span> <span class='ocrx_word' id='word_1_133' title='bbox 1035 1734 1056 1763; x_wconf 92' lang='lat' dir='ltr'><strong>s</strong></span> <span class='ocrx_word' id='word_1_134' title='bbox 1073 1734 1094 1763; x_wconf 92' lang='lat' dir='ltr'><strong>s</strong></span> <span class='ocrx_word' id='word_1_135' title='bbox 1110 1734 1138 1763; x_wconf 87' lang='lat' dir='ltr'><strong>a</strong></span> <span class='ocrx_word' id='word_1_136' title='bbox 1183 1718 1432 1771; x_wconf 90' lang='lat' dir='ltr'><strong>pertinere.</strong></span> 
     </span>
    </p>
   </div>
   <div class='ocr_carea' id='block_1_3' title="bbox 447 1813 1592 1868">
    <p class='ocr_par' dir='ltr' id='par_1_4' title="bbox 447 1813 1592 1868">
     <span class='ocr_line' id='line_1_17' title="bbox 447 1813 1592 1868; baseline -0.003 -7"><span class='ocrx_word' id='word_1_137' title='bbox 447 1817 579 1868; x_wconf 88' lang='lat' dir='ltr'><strong>Quas</strong></span> <span class='ocrx_word' id='word_1_138' title='bbox 609 1815 671 1861; x_wconf 93' lang='lat' dir='ltr'><strong>ob</strong></span> <span class='ocrx_word' id='word_1_139' title='bbox 703 1829 866 1860; x_wconf 85' lang='lat' dir='ltr'><strong>causas</strong></span> <span class='ocrx_word' id='word_1_140' title='bbox 897 1815 1053 1860; x_wconf 91' lang='lat' dir='ltr'><strong>locum</strong></span> <span class='ocrx_word' id='word_1_141' title='bbox 1086 1814 1151 1858; x_wconf 93' lang='lat' dir='ltr'><strong>sic</strong></span> <span class='ocrx_word' id='word_1_142' title='bbox 1183 1813 1390 1858; x_wconf 90' lang='lat' dir='ltr'><strong>scribere</strong></span> <span class='ocrx_word' id='word_1_143' title='bbox 1422 1813 1592 1858; x_wconf 88' lang='lat' dir='ltr'><strong>velim:</strong></span> 
     </span>
    </p>
   </div>
   <div class='ocr_carea' id='block_1_4' title="bbox 316 1944 2169 2857">
    <p class='ocr_par' dir='ltr' id='par_1_5' title="bbox 316 1944 2169 2857">
     <span class='ocr_line' id='line_1_18' title="bbox 316 1944 1678 2001; baseline -0.002 -8"><span class='ocrx_word' id='word_1_144' title='bbox 316 1948 385 1993; x_wconf 90' lang='grc'><strong>15.</strong></span> <span class='ocrx_word' id='word_1_145' title='bbox 446 1962 646 2001; x_wconf 84' lang='lat' dir='ltr'><strong>quarum</strong></span> <span class='ocrx_word' id='word_1_146' title='bbox 678 1947 806 1992; x_wconf 89' lang='lat' dir='ltr'><strong>nulla</strong></span> <span class='ocrx_word' id='word_1_147' title='bbox 835 1954 914 1991; x_wconf 93' lang='lat' dir='ltr'><strong>tua</strong></span> <span class='ocrx_word' id='word_1_148' title='bbox 943 1945 1082 1991; x_wconf 76' lang='lat' dir='ltr'><strong>fuerit</strong></span> <span class='ocrx_word' id='word_1_149' title='bbox 1113 1945 1242 1998; x_wconf 86' lang='lat' dir='ltr'><strong>mihi,</strong></span> <span class='ocrx_word' id='word_1_150' title='bbox 1274 1944 1495 1998; x_wconf 85' lang='lat' dir='ltr'><strong>Cynthia,</strong></span> <span class='ocrx_word' id='word_1_151' title='bbox 1526 1945 1678 1990; x_wconf 89' lang='lat' dir='ltr'><strong>forma</strong></span> 
     </span>
     <span class='ocr_line' id='line_1_19' title="bbox 566 2038 1608 2099; baseline -0.002 -12"><span class='ocrx_word' id='word_1_152' title='bbox 566 2042 736 2096; x_wconf 83' lang='lat' dir='ltr'><strong>gratior</strong></span> <span class='ocrx_word' id='word_1_153' title='bbox 767 2050 814 2086; x_wconf 92' lang='lat' dir='ltr'><strong>et</strong></span> <span class='ocrx_word' id='word_1_154' title='bbox 843 2039 1033 2099; x_wconf 89' lang='lat' dir='ltr'><strong>(Tellus</strong></span> <span class='ocrx_word' id='word_1_155' title='bbox 1064 2041 1156 2085; x_wconf 94' lang='lat' dir='ltr'><strong>hoc</strong></span> <span class='ocrx_word' id='word_1_156' title='bbox 1187 2041 1249 2085; x_wconf 87' lang='lat' dir='ltr'><strong>ita</strong></span> <span class='ocrx_word' id='word_1_157' title='bbox 1280 2040 1398 2085; x_wconf 81' lang='lat' dir='ltr'><strong>iusta</strong></span> <span class='ocrx_word' id='word_1_158' title='bbox 1429 2041 1548 2085; x_wconf 89' lang='lat' dir='ltr'><strong>sinat</strong></span> <span class='ocrx_word' id='word_1_159' title='bbox 1567 2038 1608 2098; x_wconf 89' lang='lat'><strong>1)</strong></span> 
     </span>
     <span class='ocr_line' id='line_1_20' title="bbox 318 2135 1651 2192; baseline -0.002 -9"><span class='ocrx_word' id='word_1_160' title='bbox 318 2138 387 2183; x_wconf 89' lang='lat'><strong>17.</strong></span> <span class='ocrx_word' id='word_1_161' title='bbox 450 2137 665 2192; x_wconf 87' lang='lat' dir='ltr'><strong>quamvis</strong></span> <span class='ocrx_word' id='word_1_162' title='bbox 697 2146 742 2182; x_wconf 92' lang='lat' dir='ltr'><strong>te</strong></span> <span class='ocrx_word' id='word_1_163' title='bbox 774 2138 939 2190; x_wconf 83' lang='lat' dir='ltr'><strong>longae</strong></span> <span class='ocrx_word' id='word_1_164' title='bbox 971 2144 1268 2181; x_wconf 90' lang='lat' dir='ltr'><strong>remorentur</strong></span> <span class='ocrx_word' id='word_1_165' title='bbox 1298 2135 1391 2180; x_wconf 89' lang='lat' dir='ltr'><strong>fata</strong></span> <span class='ocrx_word' id='word_1_166' title='bbox 1421 2144 1651 2188; x_wconf 87' lang='lat' dir='ltr'><strong>senectae,</strong></span> 
     </span>
     <span class='ocr_line' id='line_1_21' title="bbox 567 2231 1592 2283; baseline -0.003 -5"><span class='ocrx_word' id='word_1_167' title='bbox 567 2247 675 2278; x_wconf 90' lang='lat' dir='ltr'><strong>cara</strong></span> <span class='ocrx_word' id='word_1_168' title='bbox 704 2241 861 2277; x_wconf 86' lang='lat' dir='ltr'><strong>tamen</strong></span> <span class='ocrx_word' id='word_1_169' title='bbox 894 2231 1095 2276; x_wconf 83' lang='lat' dir='ltr'><strong>lacrimis</strong></span> <span class='ocrx_word' id='word_1_170' title='bbox 1127 2245 1232 2276; x_wconf 89' lang='lat' dir='ltr'><strong>ossa</strong></span> <span class='ocrx_word' id='word_1_171' title='bbox 1262 2231 1419 2276; x_wconf 89' lang='lat' dir='ltr'><strong>futura</strong></span> <span class='ocrx_word' id='word_1_172' title='bbox 1449 2231 1592 2283; x_wconf 90' lang='lat' dir='ltr'><strong>meis;</strong></span> 
     </span>
     <span class='ocr_line' id='line_1_22' title="bbox 323 2326 1736 2382; baseline -0.003 -8"><span class='ocrx_word' id='word_1_173' title='bbox 323 2327 390 2374; x_wconf 90' lang='lat'><strong>19.</strong></span> <span class='ocrx_word' id='word_1_174' title='bbox 453 2342 616 2382; x_wconf 87' lang='lat' dir='ltr'><strong>quas</strong></span> <span class='ocrx_word' id='word_1_175' title='bbox 663 2327 774 2372; x_wconf 89' lang='lat' dir='ltr'><strong>viva</strong></span> <span class='ocrx_word' id='word_1_176' title='bbox 819 2341 926 2371; x_wconf 91' lang='lat' dir='ltr'><strong>mea</strong></span> <span class='ocrx_word' id='word_1_177' title='bbox 971 2334 1031 2370; x_wconf 91' lang='lat' dir='ltr'><strong>te</strong></span> <span class='ocrx_word' id='word_1_178' title='bbox 1077 2326 1293 2379; x_wconf 93' lang='lat' dir='ltr'><strong>possit</strong></span> <span class='ocrx_word' id='word_1_179' title='bbox 1339 2326 1512 2371; x_wconf 91' lang='lat' dir='ltr'><strong>sentire</strong></span> <span class='ocrx_word' id='word_1_180' title='bbox 1555 2326 1736 2370; x_wconf 84' lang='lat' dir='ltr'><strong>favilla:</strong></span> 
     </span>
     <span class='ocr_line' id='line_1_23' title="bbox 569 2421 1640 2467; baseline -0.002 0"><span class='ocrx_word' id='word_1_181' title='bbox 569 2431 668 2467; x_wconf 94' lang='lat' dir='ltr'><strong>tum</strong></span> <span class='ocrx_word' id='word_1_182' title='bbox 700 2422 814 2466; x_wconf 93' lang='lat' dir='ltr'><strong>mihi</strong></span> <span class='ocrx_word' id='word_1_183' title='bbox 846 2437 942 2466; x_wconf 93' lang='lat' dir='ltr'><strong>non</strong></span> <span class='ocrx_word' id='word_1_184' title='bbox 974 2422 1070 2466; x_wconf 92' lang='lat' dir='ltr'><strong>ullo</strong></span> <span class='ocrx_word' id='word_1_185' title='bbox 1102 2436 1229 2466; x_wconf 89' lang='lat' dir='ltr'><strong>mors</strong></span> <span class='ocrx_word' id='word_1_186' title='bbox 1261 2421 1318 2466; x_wconf 91' lang='lat' dir='ltr'><strong>sit</strong></span> <span class='ocrx_word' id='word_1_187' title='bbox 1348 2436 1505 2466; x_wconf 91' lang='lat' dir='ltr'><strong>amara</strong></span> <span class='ocrx_word' id='word_1_188' title='bbox 1535 2421 1640 2466; x_wconf 92' lang='lat' dir='ltr'><strong>loco</strong></span> 
     </span>
     <span class='ocr_line' id='line_1_24' title="bbox 452 2514 2169 2575; baseline -0.002 -12"><span class='ocrx_word' id='word_1_189' title='bbox 452 2516 727 2575; x_wconf 75' lang='lat' dir='ltr'><strong>Postgati12)</strong></span> <span class='ocrx_word' id='word_1_190' title='bbox 749 2532 862 2562; x_wconf 91' lang='lat' dir='ltr'><strong>usus</strong></span> <span class='ocrx_word' id='word_1_191' title='bbox 878 2516 1207 2562; x_wconf 90' lang='lat' dir='ltr'><strong>emendatione</strong></span> <span class='ocrx_word' id='word_1_192' title='bbox 1225 2516 1306 2570; x_wconf 87' lang='lat' dir='ltr'><strong>qui</strong></span> <span class='ocrx_word' id='word_1_193' title='bbox 1329 2516 1510 2561; x_wconf 81' lang='lat' dir='ltr'><strong>confert</strong></span> <span class='ocrx_word' id='word_1_194' title='bbox 1527 2515 1620 2561; x_wconf 88' lang='lat' dir='ltr'><strong>Ov.</strong></span> <span class='ocrx_word' id='word_1_195' title='bbox 1643 2516 1783 2561; x_wconf 90' lang='lat' dir='ltr'><strong>Trist.</strong></span> <span class='ocrx_word' id='word_1_196' title='bbox 1803 2516 1888 2568; x_wconf 92' lang='lat'>111,</span> <span class='ocrx_word' id='word_1_197' title='bbox 1906 2515 1948 2568; x_wconf 88' lang='grc'><strong>3,</strong></span> <span class='ocrx_word' id='word_1_198' title='bbox 1967 2514 2169 2560; x_wconf 85' lang='lat'>81—84:</span> 
     </span>
     <span class='ocr_line' id='line_1_25' title="bbox 451 2611 1567 2664; baseline -0.003 -5"><span class='ocrx_word' id='word_1_199' title='bbox 451 2623 501 2659; x_wconf 92' lang='lat' dir='ltr'><strong>tu</strong></span> <span class='ocrx_word' id='word_1_200' title='bbox 534 2622 690 2659; x_wconf 88' lang='lat' dir='ltr'><strong>tamen</strong></span> <span class='ocrx_word' id='word_1_201' title='bbox 722 2612 927 2657; x_wconf 89' lang='lat' dir='ltr'><strong>extincto</strong></span> <span class='ocrx_word' id='word_1_202' title='bbox 960 2611 1119 2656; x_wconf 73' lang='lat' dir='ltr'><strong>feralia</strong></span> <span class='ocrx_word' id='word_1_203' title='bbox 1151 2626 1349 2656; x_wconf 89' lang='lat' dir='ltr'><strong>munera</strong></span> <span class='ocrx_word' id='word_1_204' title='bbox 1379 2626 1567 2664; x_wconf 89' lang='lat' dir='ltr'><strong>semper</strong></span> 
     </span>
     <span class='ocr_line' id='line_1_26' title="bbox 574 2706 1583 2761; baseline -0.002 -8"><span class='ocrx_word' id='word_1_205' title='bbox 574 2709 730 2761; x_wconf 88' lang='lat' dir='ltr'><strong>deque</strong></span> <span class='ocrx_word' id='word_1_206' title='bbox 760 2708 852 2752; x_wconf 92' lang='lat' dir='ltr'><strong>tuis</strong></span> <span class='ocrx_word' id='word_1_207' title='bbox 883 2706 1086 2751; x_wconf 88' lang='lat' dir='ltr'><strong>lacrimis</strong></span> <span class='ocrx_word' id='word_1_208' title='bbox 1118 2706 1278 2751; x_wconf 90' lang='lat' dir='ltr'><strong>umida</strong></span> <span class='ocrx_word' id='word_1_209' title='bbox 1309 2715 1431 2751; x_wconf 87' lang='lat' dir='ltr'><strong>serta</strong></span> <span class='ocrx_word' id='word_1_210' title='bbox 1462 2707 1583 2751; x_wconf 93' lang='lat' dir='ltr'><strong>dato.</strong></span> 
     </span>
     <span class='ocr_line' id='line_1_27' title="bbox 453 2801 1625 2857; baseline -0.002 -9"><span class='ocrx_word' id='word_1_211' title='bbox 453 2803 670 2857; x_wconf 88' lang='lat' dir='ltr'><strong>quamvis</strong></span> <span class='ocrx_word' id='word_1_212' title='bbox 701 2802 749 2847; x_wconf 93' lang='lat' dir='ltr'><strong>in</strong></span> <span class='ocrx_word' id='word_1_213' title='bbox 781 2802 965 2847; x_wconf 87' lang='lat' dir='ltr'><strong>cineres</strong></span> <span class='ocrx_word' id='word_1_214' title='bbox 996 2817 1168 2855; x_wconf 92' lang='lat' dir='ltr'><strong>corpus</strong></span> <span class='ocrx_word' id='word_1_215' title='bbox 1200 2801 1451 2847; x_wconf 86' lang='lat' dir='ltr'><strong>mutaverit</strong></span> <span class='ocrx_word' id='word_1_216' title='bbox 1482 2801 1625 2855; x_wconf 81' lang='lat' dir='ltr'><strong>ignes,</strong></span> 
     </span>
    </p>
   </div>
   <div class='ocr_carea' id='block_1_5' title="bbox 572 2895 1779 2949">
    <p class='ocr_par' dir='ltr' id='par_1_6' title="bbox 572 2895 1779 2949">
     <span class='ocr_line' id='line_1_28' title="bbox 572 2895 1779 2949; baseline -0.002 -7"><span class='ocrx_word' id='word_1_217' title='bbox 572 2897 830 2942; x_wconf 91' lang='lat' dir='ltr'><strong>sentiet</strong></span> <span class='ocrx_word' id='word_1_218' title='bbox 875 2896 1079 2942; x_wconf 92' lang='lat' dir='ltr'><strong>officium</strong></span> <span class='ocrx_word' id='word_1_219' title='bbox 1127 2904 1302 2941; x_wconf 87' lang='lat' dir='ltr'><strong>maesta</strong></span> <span class='ocrx_word' id='word_1_220' title='bbox 1348 2895 1590 2941; x_wconf 76' lang='lat' dir='ltr'><strong>favilla</strong></span> <span class='ocrx_word' id='word_1_221' title='bbox 1634 2896 1779 2949; x_wconf 87' lang='lat' dir='ltr'><strong>pium.</strong></span> 
     </span>
    </p>
   </div>
   <div class='ocr_carea' id='block_1_6' title="bbox 279 3025 2172 3175">
    <p class='ocr_par' dir='ltr' id='par_1_7' title="bbox 279 3025 2172 3175">
     <span class='ocr_line' id='line_1_29' title="bbox 279 3025 1573 3080; baseline -0.003 -6"><span class='ocrx_word' id='word_1_222' title='bbox 279 3072 283 3074; x_wconf 71' lang='grc'><strong>,</strong></span> <span class='ocrx_word' id='word_1_223' title='bbox 321 3027 392 3072; x_wconf 87' lang='grc'><strong>22.</strong></span> <span class='ocrx_word' id='word_1_224' title='bbox 453 3027 688 3073; x_wconf 84' lang='lat' dir='ltr'><strong>abstrahat</strong></span> <span class='ocrx_word' id='word_1_225' title='bbox 718 3042 746 3072; x_wconf 90' lang='lat' dir='ltr'><strong>e</strong></span> <span class='ocrx_word' id='word_1_226' title='bbox 778 3036 938 3072; x_wconf 89' lang='lat' dir='ltr'><strong>nostro</strong></span> <span class='ocrx_word' id='word_1_227' title='bbox 969 3027 1166 3080; x_wconf 90' lang='lat' dir='ltr'><strong>pulvere</strong></span> <span class='ocrx_word' id='word_1_228' title='bbox 1198 3026 1386 3080; x_wconf 91' lang='lat' dir='ltr'><strong>iniquus</strong></span> <span class='ocrx_word' id='word_1_229' title='bbox 1417 3025 1573 3070; x_wconf 87' lang='lat' dir='ltr'><strong>Amor</strong></span> 
     </span>
     <span class='ocr_line' id='line_1_30' title="bbox 455 3119 2172 3175; baseline -0.001 -9"><span class='ocrx_word' id='word_1_230' title='bbox 455 3137 509 3166; x_wconf 84' lang='lat' dir='ltr'><strong>e:</strong></span> <span class='ocrx_word' id='word_1_231' title='bbox 557 3121 618 3174; x_wconf 91' lang='lat' dir='ltr'><strong>O,</strong></span> <span class='ocrx_word' id='word_1_232' title='bbox 666 3121 935 3167; x_wconf 85' lang='lat' dir='ltr'><strong>Palmerus:</strong></span> <span class='ocrx_word' id='word_1_233' title='bbox 982 3123 1014 3166; x_wconf 91' lang='lat' dir='ltr'>h</span> <span class='ocrx_word' id='word_1_234' title='bbox 1031 3136 1058 3166; x_wconf 91' lang='lat' dir='ltr'><strong>e</strong></span> <span class='ocrx_word' id='word_1_235' title='bbox 1075 3136 1135 3174; x_wconf 74' lang='grc' dir='ltr'><strong>υς</strong></span> <span class='ocrx_word' id='word_1_236' title='bbox 1182 3121 1349 3167; x_wconf 93' lang='lat' dir='ltr'><strong>melius</strong></span> <span class='ocrx_word' id='word_1_237' title='bbox 1396 3137 1439 3173; x_wconf 81' lang='lat' dir='ltr'><strong>a,</strong></span> <span class='ocrx_word' id='word_1_238' title='bbox 1485 3122 1613 3175; x_wconf 88' lang='lat' dir='ltr'><strong>quod</strong></span> <span class='ocrx_word' id='word_1_239' title='bbox 1661 3121 1879 3166; x_wconf 90' lang='lat' dir='ltr'><strong>scribitur</strong></span> <span class='ocrx_word' id='word_1_240' title='bbox 1919 3136 1979 3166; x_wconf 86' lang='lat' dir='ltr'><strong>ex</strong></span> <span class='ocrx_word' id='word_1_241' title='bbox 2009 3119 2172 3165; x_wconf 86' lang='lat' dir='ltr'><strong>Volsci</strong></span> 
     </span>
    </p>
   </div>
   <div class='ocr_carea' id='block_1_7' title="bbox 455 3216 737 3262">
    <p class='ocr_par' dir='ltr' id='par_1_8' title="bbox 455 3216 737 3262">
     <span class='ocr_line' id='line_1_31' title="bbox 455 3216 737 3262; baseline -0.004 -1"><span class='ocrx_word' id='word_1_242' title='bbox 455 3216 737 3262; x_wconf 87' lang='lat' dir='ltr'><strong>coniectura.</strong></span> 
     </span>
    </p>
   </div>
   <div class='ocr_carea' id='block_1_8' title="bbox 329 3299 612 3306">
    <p class='ocr_par' dir='ltr' id='par_1_9' title="bbox 329 3299 612 3306">
     <span class='ocr_line' id='line_1_32' title="bbox 329 3299 612 3306; baseline 0 580"><span class='ocrx_word' id='word_1_243' title='bbox 329 3299 612 3306; x_wconf 95' lang='lat' dir='ltr'><strong> </strong></span> 
     </span>
    </p>
   </div>
   <div class='ocr_carea' id='block_1_9' title="bbox 374 3333 1310 3380">
    <p class='ocr_par' dir='ltr' id='par_1_10' title="bbox 374 3333 1310 3380">
     <span class='ocr_line' id='line_1_33' title="bbox 374 3333 1310 3380; baseline 0 -10"><span class='ocrx_word' id='word_1_244' title='bbox 374 3333 402 3378; x_wconf 87' lang='lat'><strong>¹)</strong></span> <span class='ocrx_word' id='word_1_245' title='bbox 453 3338 506 3370; x_wconf 73' lang='lat' dir='ltr'><strong>sic</strong></span> <span class='ocrx_word' id='word_1_246' title='bbox 532 3349 616 3371; x_wconf 89' lang='lat' dir='ltr'><strong>cum</strong></span> <span class='ocrx_word' id='word_1_247' title='bbox 643 3338 769 3372; x_wconf 79' lang='lat' dir='ltr'><strong>Leone</strong></span> <span class='ocrx_word' id='word_1_248' title='bbox 795 3334 930 3376; x_wconf 77' lang='lat' dir='ltr'><strong>(RhM.</strong></span> <span class='ocrx_word' id='word_1_249' title='bbox 959 3334 1062 3380; x_wconf 88' lang='lat'>1880)</span> <span class='ocrx_word' id='word_1_250' title='bbox 1087 3337 1310 3377; x_wconf 82' lang='lat' dir='ltr'><strong>interpunxi.</strong></span> 
     </span>
    </p>
   </div>
   <div class='ocr_carea' id='block_1_10' title="bbox 371 3404 1573 3450">
    <p class='ocr_par' dir='ltr' id='par_1_11' title="bbox 371 3404 1573 3450">
     <span class='ocr_line' id='line_1_34' title="bbox 371 3404 1573 3450; baseline 0 -8"><span class='ocrx_word' id='word_1_251' title='bbox 371 3404 404 3450; x_wconf 87' lang='lat'><strong>²)</strong></span> <span class='ocrx_word' id='word_1_252' title='bbox 452 3409 499 3442; x_wconf 70' lang='lat' dir='ltr'><strong>ct.</strong></span> <span class='ocrx_word' id='word_1_253' title='bbox 524 3419 573 3443; x_wconf 87' lang='lat' dir='ltr'><strong>on</strong></span> <span class='ocrx_word' id='word_1_254' title='bbox 598 3409 741 3443; x_wconf 77' lang='lat' dir='ltr'><strong>certain</strong></span> <span class='ocrx_word' id='word_1_255' title='bbox 767 3409 1014 3448; x_wconf 72' lang='lat' dir='ltr'><strong>manuscript·</strong></span> <span class='ocrx_word' id='word_1_256' title='bbox 1041 3409 1084 3443; x_wconf 77' lang='lat' dir='ltr'><strong>of</strong></span> <span class='ocrx_word' id='word_1_257' title='bbox 1104 3404 1334 3448; x_wconf 72' lang='lat' dir='ltr'><strong>Propertius.</strong></span> <span class='ocrx_word' id='word_1_258' title='bbox 1359 3420 1393 3448; x_wconf 88' lang='lat' dir='ltr'><strong>p.</strong></span> <span class='ocrx_word' id='word_1_259' title='bbox 1419 3407 1573 3442; x_wconf 71' lang='lat'>79—81.</span> 
     </span>
    </p>
   </div>
   <div class='ocr_carea' id='block_1_11' title="bbox 1177 3478 1319 3484">
    <p class='ocr_par' dir='ltr' id='par_1_12' title="bbox 1177 3478 1319 3484">
     <span class='ocr_line' id='line_1_35' title="bbox 1177 3478 1319 3484; baseline 0 0"><span class='ocrx_word' id='word_1_260' title='bbox 1177 3478 1319 3484; x_wconf 95' lang='lat' dir='ltr'><strong> </strong></span> 
     </span>
    </p>
   </div>
  </div>
 </body>
</html>
