2566 3886
336 1037 408 1083 32.

336 1417 408 1463 35.

336 1988 407 2034 37.

336 2371 407 2416 39.

335 3133 406 3178 42.

1126 245 1393 291 -252-

466 373 670 418 calathos
701 383 887 427 portare
934 388 1074 420 sensu
1121 390 1305 421 cassum
1351 386 1434 429 est,
1481 377 1540 422 cf.
1587 386 1830 430 praeterea
1875 377 1920 423 C
1936 392 1965 423 o
1983 393 2014 431 p
2030 393 2058 423 a
2107 377 2186 423 15:

587 477 695 513 sunt
725 484 846 522 quae
878 469 1089 522 virgineo
1119 470 1259 515 libata
1289 471 1515 517 Achelois
1545 472 1604 517 ab
1635 487 1774 517 amne

661 563 755 608 lilia
786 564 847 608 vi
868 564 996 609 min
1014 565 1110 610 eis
1141 565 1291 611 attulit
1322 566 1368 611 in
1401 567 1604 612 calathis.

470 657 605 703 Nihil
635 659 825 711 prodest
856 668 1151 713 comparatus
1183 675 1374 707 versus:
1407 661 1468 706 II.
1503 661 1542 706 1.
1575 661 1647 714 67,

708 754 834 799 dolia
864 754 1084 808 virgineis
1115 755 1242 801 idem
1275 756 1353 801 ille
1384 757 1638 809 repleverit
1670 757 1814 809 urnis,

470 849 550 894 ubi
583 849 644 894 de
676 849 935 903 virginibus
966 865 1123 895 sermo
1157 859 1240 896 est.

471 1038 565 1084 Pro
609 1039 1019 1085 viricoloris
1058 1038 1265 1099 (NFL),
1298 1056 1385 1094 pro
1416 1057 1512 1095 quo
1544 1043 1684 1096 vulgo
1716 1058 1825 1087 cum
1857 1042 1954 1087 DV
1986 1041 2187 1087 versi-

469 1149 495 1179 c
512 1135 569 1179 ol
586 1149 616 1179 o
632 1149 656 1179 r
673 1134 723 1179 is
755 1135 926 1189 legunt,
959 1135 1279 1181 Phillimorius
1310 1145 1438 1181 recte
1463 1137 1622 1182 scribit
1655 1138 1717 1182 vi
1735 1145 1752 1182 t
1768 1152 1792 1182 r
1807 1137 1822 1182 i
1839 1152 1865 1182 c
1881 1137 1942 1182 ol
1959 1151 1988 1182 o
2004 1151 2029 1180 r
2044 1136 2059 1181 i
2075 1150 2097 1181 s
2128 1150 2188 1180 ex

466 1228 707 1282 ingeniosa
739 1229 887 1274 Ellisii
920 1230 1207 1276 coniectura.

470 1418 681 1464 hinnulei
712 1419 845 1473 pellis
877 1428 997 1465 totos
1028 1420 1240 1473 operibat
1269 1422 1479 1467 amantis.

466 1512 509 1558 T
526 1528 555 1558 o
570 1522 588 1558 t
604 1529 633 1559 o
650 1528 671 1558 s
732 1515 864 1560 multi
926 1524 1199 1568 corruptum
1260 1517 1463 1569 ducunt;
1523 1516 1781 1570 Postgatius
1827 1531 1936 1561 cum
1985 1513 2187 1559 Heinsio

470 1609 608 1666 (JPh.
640 1610 762 1655 XVI
796 1626 840 1663 p.
875 1610 950 1667 11)
983 1612 1207 1656 lentos
1239 1612 1451 1656 coniecit.
1483 1611 1744 1656 Lenissima
1772 1619 1928 1656 tamen
1957 1608 2186 1655 Hoeuffu'i
2245 1622 2248 1625 ’

469 1704 699 1760 correctio
745 1713 809 1750 tu
827 1714 888 1750 to
905 1720 940 1757 s,
988 1706 1116 1759 quod
1163 1706 1211 1750 in
1249 1707 1376 1751 hunc
1407 1706 1579 1758 locum,
1612 1705 1692 1750 ubi
1724 1705 1907 1758 placida
1937 1703 2184 1758 agrestium

468 1800 564 1845 vita
594 1800 889 1853 describitur,
921 1801 1097 1854 optime
1132 1802 1343 1855 quadrat.

469 1990 607 2042 pinus
654 2000 700 2036 et
745 1991 1024 2037 incumbens
1071 1992 1218 2037 lentas
1249 1991 1570 2037 circumdabat
1601 1991 1791 2036 umbras

469 2086 594 2138 vide,
638 2101 759 2140 quae
801 2087 862 2132 de
893 2087 983 2132 hoc
1015 2102 1157 2132 versu
1189 2095 1235 2132 et
1266 2087 1327 2132 de
1357 2101 1477 2132 voce
1509 2086 1736 2132 umbra
1766 2086 2093 2132 annotavimus
2125 2088 2183 2132 ad

471 2181 507 2226 I.
543 2180 612 2226 18.
646 2181 717 2226 21.

470 2371 704 2425 Corniger
749 2380 888 2424 atque
935 2372 1011 2418 dei
1044 2387 1240 2417 vacuam
1273 2372 1469 2426 pastoris
1506 2372 1553 2416 in
1585 2372 1753 2417 aulam.
1788 2371 1934 2417 Recte
1966 2371 2185 2417 observat

471 2467 658 2512 Palmer
684 2468 744 2512 de
760 2468 850 2512 hoc
864 2482 1020 2520 versu,
1037 2483 1179 2521 quem
1197 2482 1337 2520 supra
1353 2468 1636 2521 scripsimus,
1654 2476 1706 2512 ut
1718 2467 1882 2521 legitur
1904 2467 1951 2511 in
1985 2466 2046 2519 O,
2078 2467 2108 2511 d
2125 2467 2183 2512 ei

469 2571 574 2615 post
605 2563 635 2607 d
653 2577 680 2607 e
697 2577 724 2607 a
740 2577 761 2607 s
793 2561 864 2614 38,
897 2570 1123 2616 sequente
1154 2563 1185 2606 d
1203 2562 1216 2607 i
1234 2578 1265 2615 q
1282 2578 1312 2607 u
1330 2578 1357 2607 e
1403 2563 1434 2607 d
1452 2577 1479 2607 e
1493 2578 1519 2607 a
1532 2577 1559 2607 e
1576 2579 1607 2616 q
1624 2578 1655 2607 u
1672 2577 1699 2607 e
1742 2562 2055 2615 suspicionem
2088 2576 2183 2607 mo-

468 2672 596 2702 vere.
658 2657 821 2702 Volsci
880 2657 1197 2703 coniecturam
1261 2657 1330 2702 Id
1347 2658 1448 2702 aei
1510 2673 1619 2703 cum
1673 2658 1842 2703 eodem
1889 2658 1994 2703 viro
2044 2658 2183 2703 docto

467 2752 626 2805 reicio,
659 2768 754 2798 non
786 2752 912 2797 enim
946 2753 1006 2797 de
1037 2761 1166 2797 certo
1198 2753 1355 2806 aliquo
1386 2761 1570 2805 pastore
1586 2750 1629 2810 2)
1661 2753 1866 2807 loquitur
1895 2752 2181 2805 Propertius.

470 2847 732 2892 Lenissima
763 2848 1029 2892 emendatio
1063 2847 1278 2892 Heinsii:

470 2942 703 2996 Corniger
734 2951 873 2996 atque
906 2942 976 2988 sui
1008 2958 1207 2987 vacuam
1239 2943 1436 2996 pastoris
1468 2943 1515 2987 in
1547 2944 1716 2988 aulam.

468 3133 756 3186 praebebant
787 3133 954 3178 vestris
985 3133 1133 3178 verba
1163 3133 1364 3187 benigna
1394 3134 1508 3179 focis
1540 3133 1596 3178 cf.
1630 3133 1715 3178 III.
1748 3133 1790 3178 4.
1823 3133 1864 3177 4.

385 3292 416 3337 l)
465 3296 506 3329 ln
532 3296 758 3335 praefatione
784 3296 959 3331 editionis
986 3308 1019 3336 p.
1045 3296 1229 3331 XXXIX.

382 3363 415 3409 ²)
464 3367 627 3401 Eandem
654 3367 702 3401 ob
734 3378 882 3401 causam
920 3379 994 3402 non
1019 3368 1138 3408 probo
1163 3364 1347 3410 Postgatii
1372 3368 1647 3403 coniecturum:
1674 3368 1917 3411 crinigerique
1943 3367 2003 3402 dei
2027 3377 2181 3402 vacuam

335 3438 495 3479 pastoris
520 3439 557 3473 in
582 3439 702 3473 aulam
728 3445 799 3474 ete.
