2566 3886
355 394 424 439 15.

356 678 425 725 18.

353 1346 425 1391 21.

1159 257 1394 303 -39-

486 401 713 443 custos,
745 391 806 435 de
837 405 933 443 quo
963 389 1039 434 hic
1071 403 1227 434 sermo
1258 396 1341 440 est,
1373 395 1551 432 amator
1581 386 1771 431 invidus
1802 394 1885 438 est,
1917 384 2067 438 qualis
2098 384 2199 437 ipse

486 496 646 540 poeta:
668 484 708 545 1)
739 494 866 531 recte
898 485 1034 539 igitur
1065 484 1185 529 DV:
1227 491 1445 528 amoto.

486 679 569 724 sed
601 678 729 731 quod
761 677 809 722 in
841 678 928 722 hac
960 675 1112 721 omnis
1143 682 1273 727 parte
1304 674 1494 719 timetur
1525 688 1657 718 amor

488 774 582 819 Pro
613 773 841 818 timetur
871 772 1204 817 Lachmannus
1215 769 1415 815 coniecit
1440 777 1682 819 veretur,
1709 767 1838 820 quod
1852 773 2204 818 assumpserunt

489 870 543 914 L.
590 868 854 913 Muellerus
910 874 957 911 et
1011 865 1271 910 Vahlenus.
1330 864 1525 909 Rectam
1583 861 2015 914 interpretationem
2074 859 2204 905 dedit

487 964 712 1016 Paleyus:
745 970 856 1015 „not
885 962 983 1006 that
1014 975 1094 1013 my
1126 959 1250 1005 fears
1280 958 1400 1004 arise
1430 958 1553 1003 from
1585 973 1678 1010 any
1697 958 2002 1009 inconstancy
2018 956 2065 1000 in
2083 970 2202 1008 γους

486 1060 570 1104 but
611 1059 660 1103 in
700 1058 791 1103 this
822 1058 968 1110 place,
999 1056 1092 1101 viz.
1125 1055 1279 1108 Baiae,
1311 1070 1434 1100 even
1466 1056 1545 1100 the
1577 1054 1782 1108 slightest
1814 1052 2062 1098 attentions
2094 1050 2202 1104 paid

485 1169 565 1200 are
596 1163 644 1199 to
675 1153 735 1198 be
767 1152 1018 1198 dreaded”.

486 1360 545 1390 an
578 1344 691 1390 mihi
723 1359 818 1389 non
851 1343 1000 1388 maior
1031 1358 1167 1388 carae
1198 1342 1408 1387 custodia
1439 1342 1600 1387 matris

651 1449 729 1485 aut
760 1439 860 1484 sine
895 1448 941 1484 te
972 1438 1095 1484 vitae
1128 1453 1241 1483 cura
1271 1438 1329 1482 sit
1359 1438 1453 1482 ulla
1484 1436 1657 1482 meae?

489 1536 795 1587 Hexameter,
811 1550 954 1588 quem
974 1533 1295 1580 Rothsteinius
1311 1533 1373 1578 ita
1388 1533 1508 1586 legit,
1523 1541 1574 1577 ut
1590 1532 1791 1584 codices,
1803 1531 1862 1576 ab
1876 1546 1934 1576 eo
1947 1530 2204 1575 admodum

486 1638 698 1676 contorte
739 1630 1020 1682 explicatur:
1062 1644 1133 1674 an
1181 1628 1331 1673 mihi
1379 1643 1497 1672 non
1545 1627 1741 1672 maior
1781 1625 2077 1671 custodia
2117 1625 2205 1670 sis

487 1725 705 1771 matris
747 1725 1055 1776 custodia,
1097 1725 1225 1777 quod
1267 1724 1508 1777 quomodo
1550 1723 1596 1767 in
1639 1722 1797 1768 verbis
1836 1721 2012 1766 traditis
2050 1721 2204 1765 inesse

489 1822 646 1875 possit,
677 1821 899 1874 equidem
927 1835 1022 1865 non
1054 1820 1272 1872 intelligo.

486 1917 805 1962 Phillimorius
836 1925 882 1961 et
913 1916 1012 1969 ipse
1043 1931 1234 1961 versum
1267 1916 1497 1968 integrum
1527 1914 1967 1965 ducens,distichon
1996 1912 2061 1958 sic
2086 1912 2200 1957 edit:

486 2028 574 2065 „an
606 2012 720 2057 mihi
752 2027 847 2057 non
880 2011 1028 2056 maior
1059 2026 1194 2056 carae
1225 2010 1437 2055 custodia
1469 2008 1691 2054 matrisP”

650 2116 730 2152 aut
760 2107 860 2152 sine
892 2115 937 2151 te
968 2106 1092 2151 vitae
1123 2121 1237 2151 cura
1267 2106 1324 2150 sit
1355 2105 1449 2150 ulla
1479 2103 1646 2150 meae?

490 2203 627 2248 Haec
659 2203 758 2255 ipse
790 2202 852 2247 ita
882 2201 1020 2246 vertit
1051 2201 1275 2254 Anglice:
1307 2201 1465 2245 have
1498 2200 1518 2244 1
1551 2208 1657 2244 not
1687 2199 1869 2244 other
1899 2198 2112 2251 things
2142 2206 2202 2243 to

482 2298 664 2344 think
698 2298 901 2349 about,
934 2298 1036 2342 the
1070 2296 1377 2341 watchfut
1409 2310 1552 2339 care
1583 2295 1651 2339 of
1676 2310 1703 2339 a
1733 2295 1883 2339 dear
1914 2292 2202 2338 mother?¹>

485 2393 579 2445 Oh,
612 2394 674 2438 do
705 2401 788 2437 not
817 2407 899 2444 say
930 2390 1051 2436 that!
1084 2390 1262 2436 Should
1296 2391 1316 2435 Ι
1350 2391 1471 2434 have
1503 2405 1595 2441 any
1621 2389 1813 2434 interest
1835 2389 1883 2433 in
1907 2389 1986 2433 life
2003 2389 2201 2433 without

484 2487 619 2541 you}>
656 2487 748 2533 Sed
786 2487 1039 2540 quominus
1077 2486 1120 2530 ei
1158 2486 1223 2530 sic
1261 2484 1582 2537 interpretanti
1621 2484 1973 2537 adstipulemur,
2006 2483 2201 2536 impedit

484 2582 752 2628 coniunctio
783 2591 886 2627 aut
916 2579 989 2639 (v.
1022 2579 1120 2638 22).

485 2677 660 2729 Quieto
691 2677 828 2730 igitur
858 2677 1015 2722 animo
1047 2684 1248 2721 statuere
1280 2675 1387 2720 licet
1408 2676 1595 2720 codices
1618 2675 1693 2720 hic
1715 2683 1935 2727 corrupta
1956 2674 2198 2728 praebere.

487 2772 819 2817 Lachmannus
851 2771 1115 2816 Muellerus
1146 2770 1392 2815 Vahlenus
1423 2770 1655 2815 scribunt:

646 2867 730 2918 ah,
762 2866 876 2910 mihi
908 2881 1003 2911 non
1036 2866 1184 2910 maior
1215 2880 1350 2910 carae
1382 2866 1593 2910 custodia
1623 2865 1797 2917 matris,

484 2967 682 3012 Keilius:
729 2982 860 3011 nam
907 2967 1023 3011 mihi
1069 2982 1165 3011 non
1212 2966 1360 3011 maior
1406 2981 1540 3011 carae
1587 2967 1796 3011 custodia
1844 2965 2017 3017 matris,
2068 2966 2196 3017 quod

486 3062 798 3106 Baehrensius
820 3062 1010 3113 recepit.
1033 3060 1125 3106 Sed
1142 3069 1269 3105 recte
1286 3060 1505 3105 observat
1522 3059 1771 3105 Hetzelius
1787 3057 1916 3118 (Zur
1933 3060 2197 3113 Erklfirung

483 3157 567 3200 des
588 3156 729 3208 Prop.
764 3155 878 3200 1876
897 3171 942 3207 p.
962 3153 1017 3212 5)
1048 3156 1151 3200 hart
1175 3156 1232 3200 ist
1253 3170 1318 3207 es,
1341 3156 1446 3200 dass
1468 3155 1532 3199 im
1558 3155 1849 3199 Hexameter
1865 3155 1941 3199 die
1959 3155 2193 3208 Negation

484 3250 646 3302 direct,
678 3250 742 3294 im
776 3250 1073 3295 Pentameter
1103 3250 1151 3294 in
1183 3251 1270 3294 der
1302 3250 1447 3294 Form
1480 3251 1566 3294 der
1598 3249 1748 3302 Frage
1779 3250 2091 3302 ausgedriickt
2122 3250 2192 3295 ist.

400 3441 411 3460 ¹
475 3443 528 3477 sic
554 3449 654 3479 recte
681 3442 839 3478 Housm.
864 3439 964 3485 (JPh.
990 3442 1094 3485 XXI,
1121 3454 1154 3482 p.
1182 3440 1273 3483 170).
