2566 3886
355 3051 423 3097 10.

355 3334 423 3380 11.

1159 256 1395 302 -73-

486 389 586 444 Ego
630 398 787 435 tamen
833 388 1038 434 Vahleni
1083 387 1355 442 opinionem
1387 386 1589 440 probare
1620 401 1716 432 non
1747 401 1938 440 possum
1970 387 2200 432 adductus

485 484 759 538 praesertim
776 484 831 529 iis
849 483 1132 538 argumentis
1148 483 1321 537 quibus
1329 482 1444 529 Otto
1463 483 1619 528 virum
1636 482 1945 528 clarissimum
1962 482 2201 536 impugnat

484 578 776 638 (Versumst.
809 579 830 624 1
863 593 908 632 p.
941 576 1010 637 6).
1044 579 1090 624 Is
1120 587 1276 624 autem
1308 578 1374 623 sic
1406 578 1635 631 disputat:
1668 576 1982 631 „Zugegeben
2014 576 2092 622 die
2122 576 2200 621 ab·

487 676 810 729 geschwachte
841 674 1120 728 Bedeutung
1150 674 1234 719 des
1265 673 1453 718 Wortes
1484 687 1510 717 c
1526 687 1556 718 o
1571 681 1599 726 g
1614 687 1641 717 e
1658 687 1682 716 r
1698 687 1725 717 e
1756 669 1973 730 (obwohl
2005 672 2083 717 die
2114 672 2199 717 des

490 770 736 824 Drangens
767 769 845 814 nie
876 770 1097 815 verloren
1128 765 1277 827 geht),
1294 768 1397 813 hier
1412 782 1489 813 wo
1506 768 1583 813 ein
1600 767 1934 821 selbstiindiges
1949 766 2201 812 Auftreten

487 865 717 919 Cynthias
747 863 1013 923 (ingenium
1045 864 1181 910 nobis
1204 864 1304 918 ipsa
1318 864 1475 916 puella
1497 861 1633 921 facit)
1648 871 1867 908 erwartet
1884 862 2019 915 wird,
2035 862 2201 907 wiirde

483 962 591 1016 iede
639 961 948 1014 Einwirkung
993 975 1088 1005 von
1120 974 1289 1005 aussen
1321 959 1431 1004 dem
1464 958 1732 1004 Gedanken
1764 957 1870 1003 eine
1900 956 2201 1011 fremdartige

486 1056 709 1110 Farbung
739 1056 903 1110 geben.
937 1055 1053 1101 Und
1085 1054 1227 1100 selbst
1257 1070 1399 1099 wenn
1430 1068 1482 1099 es
1512 1053 1729 1098 wirklich
1752 1052 1827 1098 fiir
1843 1051 2052 1104 Cynthia
2067 1052 2200 1097 einer

486 1151 712 1206 gewissen
745 1150 986 1205 Natigung
1016 1150 1204 1196 bedurft
1234 1151 1374 1202 hatte,
1405 1164 1546 1194 wenn
1571 1149 1638 1194 sie
1654 1148 1731 1194 ein
1747 1147 1964 1193 koisches
1981 1147 2198 1193 Gewand

485 1248 679 1301 anlegen
712 1247 858 1298 sollte,
890 1261 987 1291 was
1018 1245 1298 1291 schwerlich
1330 1246 1416 1290 der
1447 1245 1550 1289 Fall
1581 1259 1693 1296 war,
1726 1258 1821 1288 von
1852 1243 2060 1288 welcher
2076 1241 2199 1288 Seite

485 1343 618 1388 sollte
678 1341 886 1387 dieselbe
946 1342 1227 1395 gekommen
1275 1341 1375 1386 sein
1423 1340 1520 1386 und
1569 1354 1669 1384 wer
1714 1338 1834 1383 wird
1882 1338 1966 1383 mit
2011 1353 2038 1383 c
2055 1353 2084 1383 o
2102 1346 2129 1391 g
2145 1337 2160 1381 i
2178 1352 2199 1382 s

489 1437 858 1492 apostrophiert”
869 1436 896 1482 P

485 1532 531 1579 C
546 1548 576 1578 o
592 1542 619 1587 g
635 1533 649 1577 i
667 1548 688 1578 s
719 1533 856 1587 igitur
871 1548 899 1578 a
928 1532 1174 1585 Propertio
1190 1546 1285 1577 non
1303 1531 1528 1584 scriptum
1546 1545 1648 1576 esse
1665 1529 1779 1575 mihi
1796 1530 1989 1582 quidem
2006 1537 2198 1574 constat.

486 1628 743 1680 Quaeritur
788 1643 928 1680 nunc,
959 1627 1200 1681 quomodo
1231 1641 1396 1672 versus
1427 1626 1752 1671 emendandus
1784 1625 1854 1670 sit.
1887 1624 2200 1670 Baehrensius

483 1738 591 1768 cum
626 1722 931 1768 Lachmanno
962 1738 989 1767 c
1005 1737 1034 1767 o
1050 1737 1076 1767 c
1093 1738 1119 1767 c
1136 1722 1150 1766 i
1168 1737 1189 1767 s
1220 1721 1380 1774 edidit,
1413 1721 1647 1774 simulque
1664 1729 1820 1765 tamen
1837 1734 1946 1765 cum
1965 1718 2200 1764 Fonteino

487 1833 652 1863 versus
684 1818 725 1870 7,
758 1817 785 1863 8
816 1826 862 1863 et
894 1817 935 1870 5,
967 1817 995 1863 6
1027 1818 1148 1862 inter
1179 1832 1229 1862 se
1261 1816 1555 1869 transposuit.
1589 1815 1686 1867 Qui
1717 1831 1743 1860 c
1760 1831 1789 1860 o
1805 1824 1832 1869 g
1848 1815 1862 1859 i
1879 1830 1901 1860 s
1932 1823 2088 1860 tamen
2105 1814 2199 1859 leni

485 1928 511 1958 c
527 1927 556 1957 o
570 1928 594 1957 r
610 1928 634 1957 r
649 1928 676 1958 e
692 1928 718 1957 c
735 1913 829 1957 tio
846 1929 877 1957 n
894 1928 921 1958 e
968 1913 1318 1958 emendandum
1366 1926 1469 1956 esse
1514 1919 1691 1965 putant,
1724 1925 1801 1956 me
1832 1909 1984 1955 iudice
2016 1918 2198 1961 errant;

487 2008 683 2052 credere
730 2007 887 2052 malim
934 2022 960 2052 c
977 2023 1006 2052 o
1022 2016 1050 2061 g
1066 2007 1079 2052 i
1097 2022 1118 2052 s
1165 2007 1280 2052 nihil
1326 2021 1428 2052 esse
1475 2005 1564 2050 nisi
1596 2005 1950 2060 dittographiam
1981 2003 2199 2049 vocabuli

489 2102 534 2149 C
550 2118 579 2148 o
596 2103 649 2148 is
700 2117 822 2156 quae
852 2102 1243 2161 παραδιορθώσει
1272 2111 1373 2148 orta
1419 2101 1476 2147 sit
1522 2116 1608 2155 pro
1655 2115 1750 2155 quo
1796 2100 2029 2145 vocabulo
2074 2099 2200 2145 aliud

486 2197 720 2243 verbum
738 2207 1077 2251 exspectamus.
1095 2196 1170 2243 Sic
1187 2197 1529 2250 transpositone
1541 2196 1632 2241 iam
1651 2210 1746 2240 non
1764 2210 1883 2248 opus
1899 2204 1982 2240 est:
2015 2195 2136 2240 illa
2152 2210 2199 2240 m

486 2307 748 2345 pronomen
795 2292 950 2345 primo
995 2301 1175 2338 tantum
1223 2307 1380 2344 versu,
1427 2307 1523 2346 quo
1569 2305 1695 2336 nova
1740 2290 1970 2336 sententia
1999 2287 2200 2348 (5—16)

484 2388 659 2442 incipit,
691 2396 817 2433 recte
849 2403 899 2434 se
931 2387 1084 2441 habet,
1117 2397 1167 2433 ut
1197 2388 1300 2433 iure
1331 2403 1418 2434 suo
1449 2388 1669 2433 observat
1700 2387 1828 2433 Otto.

485 2482 697 2528 Maxime
745 2491 901 2528 autem
948 2483 1100 2536 placet
1144 2498 1232 2536 pro
1289 2483 1473 2537 cogis
1535 2498 1643 2528 cum
1692 2481 1816 2527 Italis
1863 2481 2005 2526 vidi
2036 2480 2200 2526 substi-

484 2585 630 2629 tuere,
661 2578 789 2630 quod
823 2577 1066 2623 Palmerus
1098 2592 1289 2631 quoque
1320 2577 1582 2630 assumpsit.

486 2767 586 2812 sive
617 2768 745 2820 lyrae
776 2782 966 2813 carmen
999 2767 1150 2822 digitis
1181 2768 1408 2821 percussit
1439 2768 1632 2813 eburnis
1671 2771 1676 2774 '

485 2861 611 2908 Cum
644 2862 846 2908 Heinsio
877 2863 1001 2916 lego:
1034 2864 1096 2915 ly
1113 2878 1137 2907 r
1152 2878 1192 2907 a.

486 3051 724 3104 miramur,
756 3051 900 3097 facilis
932 3060 982 3097 ut
1012 3061 1193 3105 premat
1222 3061 1320 3098 arte
1352 3068 1518 3098 manus

485 3161 772 3198 premere
814 3161 1027 3192 manus
1068 3147 1338 3192 defenditur
1378 3162 1595 3200 presso
1636 3148 1862 3201 pollice
1905 3147 2198 3200 111,10.14.

484 3350 567 3380 seu
598 3351 707 3381 cum
738 3336 974 3388 poscentis
1002 3351 1219 3381 somnum
1252 3337 1452 3382 declinat
1482 3337 1668 3388 ocellos,

603 3430 795 3475 invenio
826 3445 986 3476 causas
1018 3431 1144 3476 mille
1175 3440 1313 3484 poeta
1343 3446 1490 3477 novas
