2566 3886
377 2390 447 2436 23.

1174 275 1411 319 -11-

500 406 664 467 (Mon.
698 407 810 452 PrA
851 422 895 459 p.
928 405 1015 451 340
1031 403 1127 463 sq.)
1158 420 1189 458 p
1202 420 1229 450 e
1240 421 1264 449 r
1277 419 1299 449 s
1312 420 1344 449 u
1357 419 1384 449 a
1397 405 1428 449 d
1443 419 1470 449 e
1484 420 1515 449 n
1531 413 1548 448 t
1578 404 1625 448 in
1642 405 1769 449 hunc
1784 405 1978 449 modum
1996 404 2215 456 explicat:

498 504 695 549 litora
740 503 1130 556 persuadent
1166 516 1228 546 se
1272 500 1508 545 nativis
1552 500 1725 552 picta
1774 514 1912 544 esse
1953 499 2215 552 lapillis.

506 598 602 643 Hic
659 613 822 643 sensus
878 598 925 642 in
986 605 1206 642 contextu
1264 596 1418 641 minus
1464 604 1598 649 aptus
1644 595 1844 640 videtur.
1895 594 2217 640 Rothsteinius

505 694 854 746 interpretatur:
886 693 1081 737 litora
1106 692 1344 736 nativis
1373 691 1619 743 lapillis
1643 690 1809 743 picta
1833 690 2218 743 persuadent

502 788 754 833 dulcius
785 802 962 840 quam
995 795 1126 831 arte
1156 801 1224 831 ae
1241 786 1522 831 dificata.
1554 784 1647 830 Sed
1679 784 1882 837 primum
1915 783 2218 828 durissimum

505 892 574 928 est
626 884 656 927 d
671 882 730 927 ul
745 897 771 926 c
785 882 799 926 i
812 898 843 927 u
857 897 878 926 s
932 897 991 926 ex
1045 881 1258 934 sequenti
1311 895 1453 925 versu
1507 880 1740 932 supplere,
1794 879 1966 924 deinde
2018 878 2218 923 verbum

504 977 819 1030 persuadendi
851 978 978 1022 nude
1011 976 1214 1029 positum
1246 976 1410 1028 obstat,
1442 975 1695 1028 quominus
1727 990 1835 1020 cum
1858 975 1938 1019 illo
1955 982 2192 1018 vertamus
2209 988 2219 1017 ε

505 1074 614 1117 der
658 1071 879 1117 Strand
923 1072 1095 1116 ladet
1143 1068 1183 1128 1)
1212 1087 1286 1117 zu
1330 1072 1634 1124 langen-en
1678 1069 2061 1114 Aufenthalt
2097 1069 2219 1113 und

504 1166 535 1210 b
549 1167 618 1211 eh
633 1181 660 1211 a
672 1167 725 1220 gl
743 1166 797 1211 ic
811 1167 843 1210 h
858 1181 884 1211 e
898 1182 929 1210 n
991 1165 1034 1210 R
1049 1182 1079 1211 u
1094 1167 1125 1210 h
1139 1181 1180 1211 e.
1240 1166 1295 1210 In
1342 1166 1456 1211 locis
1502 1181 1621 1218 quos
1667 1166 1726 1210 ad
1770 1164 2041 1217 opinionem
2088 1178 2219 1208 suam

505 1261 851 1306 defendendam
896 1261 1003 1306 citat
1048 1261 1268 1313 equidem
1316 1262 1496 1306 nullum
1544 1261 1829 1314 praesidium
1868 1260 2053 1313 reperio
2067 1274 2078 1312 ;
2111 1275 2219 1304 nam

505 1357 629 1408 apud
676 1355 952 1400 Terentium
999 1353 1122 1413 (Ad.
1170 1353 1284 1413 470)
1330 1355 1445 1408 quid
1493 1355 1808 1408 supplendum
1856 1354 1927 1406 sit,
1974 1363 2220 1399 contextus

506 1452 668 1503 docet:
701 1451 748 1495 in
780 1450 958 1504 Vergili
990 1451 1148 1504 ecloga
1182 1450 1281 1495 1.55
1296 1466 1307 1494 :

623 1560 762 1599 saepe
808 1545 901 1589 levi
945 1560 1163 1589 somnum
1195 1545 1407 1590 suadebit
1439 1545 1556 1590 inire
1589 1560 1794 1596 susurre,

506 1641 657 1694 ipsum
691 1639 890 1685 verbum
924 1640 937 1684 i
952 1640 1008 1684 ni
1022 1655 1046 1684 r
1059 1655 1085 1684 e
1116 1640 1316 1685 additur.

509 1736 603 1780 Pro
657 1735 1047 1788 persuadent
1094 1734 1219 1779 Itali:
1267 1735 1596 1779 collucent
1629 1731 1685 1791 ²),
1734 1732 1958 1787 Scaliger:
2005 1749 2113 1786 per
2160 1748 2222 1778 se

507 1831 538 1875 d
556 1845 582 1874 e
600 1845 630 1874 n
647 1838 678 1881 t,
717 1828 965 1873 Heinsius:
1013 1844 1044 1882 p
1061 1844 1087 1873 e
1105 1844 1128 1873 r
1144 1844 1168 1873 r
1185 1829 1198 1873 i
1216 1830 1288 1873 de
1304 1844 1334 1873 n
1352 1837 1383 1880 t,
1424 1828 1786 1882 Hertzbergius:
1833 1830 2222 1880 praelucent,

507 1924 900 1970 Sandstroemius:
932 1925 1275 1975 corrident‚
1295 1923 1622 1968 Housmanus:
1648 1932 1949 1977 superant
1973 1923 2224 1976 depicta

507 2018 726 2071 lapillis,
770 2018 989 2071 Paleyus:
1036 2019 1411 2072 persqualent,
1456 2018 1788 2064 Baehrensius:
1820 2035 1851 2072 p
1864 2034 1926 2064 ra
1939 2034 1966 2064 e
1979 2019 2111 2071 fulg
2123 2033 2150 2062 e
2165 2026 2223 2062 nt

507 2113 764 2158 coniecere.
806 2113 980 2158 Ultima
1016 2115 1131 2159 haec
1162 2114 1443 2165 coniectura,
1476 2129 1597 2167 quae
1629 2130 1673 2159 v.
1708 2116 1763 2159 cl.
1794 2115 2027 2159 Hartman
2060 2113 2223 2165 placet,

508 2207 621 2252 mihi
653 2222 844 2260 quoque
877 2224 989 2253 vera
1021 2209 1221 2253 videtur.

510 2392 656 2437 Hunc
687 2408 878 2438 versum
912 2392 1221 2437 Housmanus
1253 2391 1318 2436 sic
1347 2388 1490 2448 (JPh.
1514 2388 1659 2433 XXII
1675 2403 1719 2440 p.
1735 2385 1818 2445 55)
1838 2386 2065 2439 refingere
2095 2384 2224 2429 vult:

797 2487 911 2532 Non
944 2487 1032 2531 illis
1064 2486 1270 2531 studium
1319 2486 1502 2538 fulgo
1520 2500 1542 2528 r
1559 2500 1585 2528 e
1631 2483 1881 2536 anquirere
1910 2489 2118 2525 amantes

516 2582 738 2634 quoniam
768 2582 858 2627 AF
892 2581 1151 2634 aquirere
1181 2582 1352 2634 legunt.
1380 2580 1561 2633 Vulgo
1578 2587 1704 2623 recte
1721 2593 1770 2623 se
1788 2577 1941 2628 habet,
1958 2576 2016 2620 cf.
2034 2589 2225 2619 versum

511 2676 582 2729 25,
601 2677 680 2721 ubi
709 2677 830 2721 istis
853 2678 913 2721 de
930 2676 1018 2720 illis
1035 2675 1297 2720 amantibus
1314 2690 1421 2720 cum
1439 2682 1711 2727 contemptu
1728 2673 1904 2717 dictum
1923 2679 2005 2722 est,
2038 2678 2083 2714 et
2115 2668 2224 2713 Ter.

514 2771 638 2815 haut.
672 2770 772 2815 446.

382 2947 453 2992 24.
515 2947 663 3000 Cave,
675 2964 736 2993 ne
761 2949 934 2992 forma
946 2963 1054 2992 cum
1073 2947 1358 2992 Baehrensio
1376 2947 1423 2991 in
1444 2948 1585 2992 fama
1610 2955 1774 2998 mutes,
1793 2946 1851 2990 cf.
1866 2943 2225 2989 Rothsteinium.

383 3125 454 3170 25.
517 3125 592 3169 De
623 3126 714 3170 hoc
745 3141 886 3170 versu
918 3126 1204 3170 conferenda
1234 3133 1305 3169 est
1334 3125 1510 3177 optima
1542 3124 1833 3169 Lachmanni
1865 3121 2195 3174 interpretatio.

435 3291 466 3337 ¹)
493 3294 633 3328 Eodem
684 3293 795 3326 modo
832 3293 1034 3333 Woltierus
1073 3289 1127 3335 (S.
1143 3291 1202 3326 R⁴.
1244 3289 1345 3335 105):
1392 3295 1612 3332 persuadent
1637 3304 1683 3319 Ξ
1722 3293 1944 3332 invitant,
1982 3290 2227 3330 alliciunt,

505 3375 717 3408 conserens:
745 3374 817 3409 Ov.
843 3374 930 3409 Am.
960 3375 1004 3409 11.
1033 3375 1086 3408 11.
1115 3375 1169 3409 14.

435 3451 467 3500 ²)
492 3455 551 3490 Sic
565 3467 709 3500 quoque
724 3455 919 3494 Chatelain
930 3453 1037 3501 (Rcr.
1054 3457 1154 3492 1879.
1172 3454 1256 3501 18.)‚
1271 3458 1316 3493 cf.
1332 3458 1405 3494 Ov.
1420 3458 1450 3493 F
1452 3466 1520 3492 ast.
1535 3459 1582 3502 V,
1597 3459 1665 3493 363
1680 3471 1688 3492 :
1715 3470 1734 3493 c
1744 3459 1924 3495 olluceu
1935 3465 1948 3491 t
1974 3457 2124 3493 floribus
2139 3457 2228 3500 agri.
