2566 3886
1101 276 1338 322 —14-

291 405 361 450 39.
423 420 452 449 o
484 405 660 450 utinam
693 406 793 450 talis
825 408 1070 459 perducas,
1103 409 1331 462 improbe,
1364 418 1524 454 noctes

427 501 464 544 P
479 515 506 545 e
523 516 547 545 r
564 502 594 545 d
611 516 641 545 u
655 516 681 545 c
692 516 719 545 a
732 516 767 552 s,
815 517 936 554 quae
983 504 1195 548 omnium
1243 504 1460 549 codicum
1508 505 1644 549 lectio
1691 514 1774 557 est,
1809 506 2139 551 Lachmannus

425 595 689 641 Muellerus
700 596 947 642 Vahlenus
955 597 1199 643 Palmerus
1210 598 1522 643 Baehrensius
1530 613 1638 643 cum
1648 599 1854 645 editione
1863 599 2140 653 Gryphiana

423 706 463 735 a.
498 690 609 736 1551
644 692 692 736 in
724 693 1038 745 producas
1070 702 1264 739 mutant.

425 784 516 831 Sed
564 787 921 839 perducere
968 787 1143 841 optime
1190 788 1357 840 habet;
1390 788 1613 842 significat
1656 789 1812 834 enim:
1844 790 1914 834 ad
1945 790 2138 835 finem

423 896 454 926 u
472 896 625 934 sque
672 882 921 934 ducere,
968 884 1245 936 explere,
1277 884 1618 936 conficere,
1652 885 1897 929 duriter
1928 886 2140 930 moles-

424 986 480 1021 te
494 992 525 1029 q
539 993 570 1021 u
584 992 611 1021 e
648 986 829 1030 agere
867 974 960 1035 (sic
998 987 1125 1022 recte
1163 978 1204 1022 F
1207 978 1410 1031 rigellius
1449 995 1494 1032 p.
1530 976 1624 1036 16).
1659 979 1876 1024 Editores
1907 988 2062 1024 autem
2094 990 2140 1025 te

426 1071 777 1116 Broukhusium
821 1080 955 1116 tuum
998 1073 1222 1117 evolvere
1260 1073 1446 1125 iubent;
1485 1074 1807 1118 examinemus
1845 1074 1982 1127 igitur
2012 1075 2140 1120 locos

423 1167 482 1212 ab
534 1182 592 1212 eo
638 1168 851 1212 collatos:
899 1168 1009 1212 Ter.
1059 1167 1154 1212 Ad.
1203 1167 1286 1213 591
1337 1166 1437 1225 (ed.
1485 1166 1748 1226 Dziatzko)
1795 1201 1805 1212 .
1832 1202 1843 1213 .
1868 1201 1878 1212 .
1904 1202 1915 1212 .
1947 1170 2140 1221 cyathos

423 1263 651 1308 sorbilans
683 1263 903 1317 paulatim
936 1264 1062 1308 hunc
1101 1279 1131 1317 p
1146 1279 1169 1308 r
1183 1278 1212 1308 o
1226 1265 1257 1308 d
1272 1279 1303 1308 u
1317 1279 1343 1308 c
1357 1278 1384 1308 a
1397 1279 1444 1307 m
1483 1263 1623 1308 diem.

426 1358 536 1403 Hoc
567 1359 671 1403 loco
704 1359 1062 1412 producere
1106 1368 1175 1403 est
1220 1374 1393 1403 usum
1438 1358 1531 1403 rei
1573 1373 1762 1410 supra
1801 1358 2139 1402 terminum

422 1455 731 1506 quendam
778 1453 1039 1499 fruendi
1086 1469 1278 1499 causa
1324 1454 1676 1498 extendere
1721 1450 2046 1511 (Frigellius);
2093 1462 2139 1497 et

424 1550 490 1594 sic
534 1549 849 1594 Ruhnkenius
889 1547 1103 1607 (Dictata
1143 1549 1191 1593 in
1234 1547 1344 1593 Ter.
1387 1564 1507 1593 com.
1550 1563 1647 1593 cur.
1681 1547 1899 1602 Schopen
1936 1563 1982 1600 p.
2027 1544 2139 1604 198)

423 1645 579 1689 locum
611 1644 833 1697 explicat:
872 1644 1033 1688 diem
1077 1658 1252 1696 quam
1294 1652 1517 1696 potero
1554 1644 1803 1696 longum
1841 1642 2079 1687 faciam.

423 1738 606 1790 Statius,
616 1738 768 1783 Theb.
777 1738 914 1790 VIII,
929 1736 1036 1782 218:
1051 1747 1096 1783 at
1108 1753 1202 1783 non
1219 1737 1457 1783 Sidoniam
1470 1738 1658 1782 diversa
1670 1737 1717 1782 in
1731 1746 1862 1789 parte
1875 1752 1961 1790 per
1971 1736 2138 1781 urbem

918 1848 1013 1878 nox
1044 1834 1210 1878 eadem
1226 1848 1237 1877 ε
1270 1833 1402 1878 vario
1444 1848 1476 1885 p
1490 1848 1514 1877 r
1526 1848 1555 1878 ο
1569 1834 1600 1877 d
1614 1849 1645 1878 u
1660 1847 1686 1877 c
1699 1848 1731 1877 u
1745 1848 1776 1877 n
1790 1841 1808 1877 t
1839 1832 1994 1877 sidera
2026 1832 2139 1877 ludo

916 1937 1024 1972 ante
1056 1928 1223 1973 domos
1254 1928 1483 1981 intraque,

419 2025 535 2068 hoc
579 2032 686 2074 est,
732 2023 883 2075 inquit
926 2023 1196 2068 scholiastes
1243 2022 1433 2075 Barthii‚
1478 2032 1725 2067 noctem
1770 2022 2139 2074 extendunt,

419 2120 700 2164 siderum
741 2128 987 2170 tempus
1030 2118 1291 2163 student
1331 2118 1715 2171 prolongare
1756 2131 1877 2169 eqs.

421 2214 555 2259 Idem
568 2213 792 2267 significat
805 2212 1099 2266 producendi
1116 2212 1342 2257 verbum:
1363 2211 1489 2257 Fest.
1507 2211 1681 2256 Avien.
1699 2212 1850 2256 descr.
1867 2210 2014 2256 orbis:
2038 2209 2139 2254 752:

978 2307 1054 2351 hic
1086 2307 1258 2351 chorus
1290 2306 1452 2359 ingens

714 2402 906 2447 feminei
939 2410 1099 2447 coetus
1131 2401 1315 2455 pulchri
1347 2401 1456 2446 colit
1487 2401 1614 2454 orgia
1647 2400 1842 2445 Bacchi:

716 2512 747 2549 p
759 2512 784 2541 r
797 2512 826 2542 o
840 2497 871 2541 d
886 2512 917 2541 u
931 2511 957 2541 c
971 2496 985 2540 i
1000 2505 1017 2540 t
1058 2505 1245 2541 noctem
1278 2496 1417 2541 ludus
1449 2510 1594 2540 sacer.

422 2594 604 2638 Eodem
638 2593 780 2637 modo
811 2591 1076 2644 explicandi
1107 2591 1156 2635 hi
1187 2590 1278 2635 loci
1311 2590 1559 2635 Horatiani
1575 2604 1586 2634 ε

421 2689 515 2734 Od.
548 2687 589 2733 3.
623 2688 694 2740 21,
727 2686 784 2732 23
815 2696 861 2732 te
895 2686 1040 2731 Liber
1071 2695 1116 2731 et
1148 2686 1186 2730 si
1217 2686 1336 2730 laeta
1367 2685 1515 2730 aderit
1546 2685 1713 2730 Venus

540 2793 800 2837 segnesque
831 2783 1010 2827 nodum
1043 2782 1228 2827 solvere
1261 2780 1453 2826 Gratiae

660 2879 894 2931 vivaeque
925 2893 957 2931 p
969 2893 992 2922 r
1005 2892 1034 2922 o
1048 2878 1079 2922 d
1095 2893 1126 2922 u
1139 2891 1165 2921 c
1180 2891 1207 2921 e
1220 2885 1271 2920 nt
1302 2876 1535 2928 lucernae,

776 2973 891 3017 dum
923 2971 1111 3016 rediens
1141 2971 1267 3024 sugat
1299 2979 1421 3015 astra
1451 2970 1688 3015 Phoebus.

419 3079 466 3115 et
497 3078 578 3114 sat.
612 3068 648 3121 I,
681 3067 722 3120 5,
755 3066 834 3112 70:
867 3081 1059 3120 prorsus
1098 3066 1304 3110 iucunde
1351 3080 1516 3110 cenam
1548 3081 1580 3119 p
1594 3080 1618 3109 r
1631 3080 1660 3110 o
1674 3065 1705 3109 d
1720 3080 1751 3109 u
1764 3079 1790 3108 c
1804 3064 1878 3108 im
1893 3078 1924 3108 u
1936 3077 1958 3107 s
2013 3062 2138 3106 illam

406 3173 453 3209 et
481 3165 557 3209 hic
589 3164 720 3208 locus
752 3177 812 3207 ex
844 3162 1039 3207 Lucano
1073 3159 1153 3205 10:

541 3267 787 3311 postquam
827 3256 977 3310 epulis
1010 3255 1292 3307 Bacchoque
1325 3254 1520 3298 modum
1557 3252 1721 3297 lassata
1752 3252 1967 3304 voluptas

541 3352 775 3405 imposuit,
807 3350 954 3404 longis
987 3348 1165 3394 Caesar
1196 3364 1227 3401 p
1240 3363 1265 3392 r
1277 3363 1306 3392 ο
1321 3348 1351 3392 d
1366 3363 1397 3392 u
1412 3362 1438 3391 c
1452 3361 1479 3391 e
1492 3361 1517 3391 r
1527 3361 1554 3391 e
1586 3354 1773 3391 noctem

542 3447 730 3492 inchoat
759 3445 987 3498 alloquiis.
