2566 3886
1091 250 1356 297 —282—

447 379 787 433 besgeplauder
824 378 1072 439 (garrula),
1106 382 1188 427 das
1220 382 1297 428 die
1330 383 1436 428 Zeit
1467 385 1735 437 angenehm
1767 385 1995 431 vertreibt
2025 383 2168 444 (hora

450 471 678 532 ducitur).

451 568 565 614 Non
598 569 722 615 bene
754 570 973 624 intelligo,
991 571 1106 624 quid
1126 571 1449 618 Rothsteinius
1465 573 1553 618 sibi
1570 573 1707 626 velit;
1731 575 2004 627 praesertim
2022 577 2168 622 verba

449 664 572 709 inter
613 680 663 710 se
702 665 978 710 distantibus
1009 666 1172 711 litteris
1204 666 1430 719 impressa
1461 668 1575 713 mihi
1607 669 1807 715 obscura
1838 679 1974 723 sunt;
2015 686 2074 716 an
2106 672 2169 717 ita

447 759 777 812 interpretatur
807 761 978 813 locum,
1011 770 1060 806 ut
1091 777 1419 816 quaecumque
1450 764 1624 817 reperit
1654 766 1823 818 puella,
1854 781 1963 811 cum
1995 781 2092 820 eqS.
2124 767 2169 812 ei

449 855 565 899 sint:
598 863 644 900 et
674 855 780 900 talia
810 856 971 909 verba,
1003 857 1219 911 qualibus
1240 859 1396 911 puella
1412 858 1568 911 utitur,
1597 874 1705 904 cum
1738 885 1797 891 -
1826 869 1877 906 ut
1893 876 2040 906 unum
2058 862 2167 907 dem

449 951 719 1003 exemplum
751 976 808 981 —
839 960 1025 1004 tempus
1067 954 1243 998 ducere
1279 953 1513 999 conatur?
1545 954 1722 1000 Melius
1753 955 1898 1008 Paley
1929 956 2168 1009 intellexit,

450 1046 564 1098 quid
597 1046 673 1091 hic
705 1048 1074 1099 exspectandum
1104 1057 1250 1093 esset:
1283 1049 1366 1094 she
1395 1050 1554 1094 would
1583 1051 1676 1094 add
1706 1051 1851 1102 „such
1867 1051 2169 1104 complimen-

450 1150 553 1195 tary
597 1142 895 1195 expressions
938 1158 987 1188 as
1019 1159 1046 1188 a
1080 1145 1239 1189 clever
1282 1144 1366 1198 girl
1398 1160 1485 1190 can
1518 1145 1681 1191 devise
1711 1146 1853 1191 when
1885 1147 1969 1191 she
2000 1146 2170 1193 invites

451 1246 498 1283 to
529 1253 589 1283 an
619 1238 911 1283 interview”.

453 1333 546 1379 Sed
578 1350 1008 1389 quaecumque
1040 1337 1328 1381 demonstrat
1359 1345 1544 1389 poetam
1576 1337 1624 1382 in
1653 1337 1928 1383 universum
1954 1338 2083 1391 loqui
2109 1339 2170 1383 de

453 1429 507 1474 iis
539 1430 694 1483 rebus,
726 1446 845 1484 quos
875 1441 983 1477 ante
1014 1433 1175 1485 paucis
1205 1433 1433 1486 exemplis
1475 1433 1686 1487 attigerit.
1730 1433 1776 1478 D
1794 1434 2000 1479 ucitur
2041 1449 2171 1487 prae-

453 1534 582 1571 terea
611 1542 707 1572 non
739 1536 866 1572 recte
898 1528 1037 1573 vertit
1070 1528 1331 1580 Rothstein‚
1363 1528 1494 1582 quasi
1526 1536 1647 1573 esset
1678 1528 1855 1574 fallit.

453 1622 668 1675 Apparet
699 1622 837 1676 igitur
868 1623 1110 1669 dicitur
1144 1638 1247 1668 esse
1280 1624 1532 1678 legendum
1564 1639 1674 1669 cum
1706 1623 1846 1668 Italis.
1879 1623 1974 1669 Pro
2005 1624 2171 1669 dolis

454 1732 563 1762 cum
611 1717 863 1763 Fonteinio
908 1719 1075 1763 notis
1119 1719 1222 1772 lego
1263 1716 1348 1776 (cf.
1381 1718 1476 1763 Ov.
1508 1718 1570 1763 A.
1603 1718 1664 1763 A.
1698 1719 1784 1763 III.
1816 1718 1903 1764 624
1935 1728 1981 1764 et
2012 1719 2171 1765 vincto

455 1813 722 1859 blandas
754 1814 842 1859 sub
874 1815 996 1867 pede
1028 1814 1151 1859 ferre
1183 1811 1404 1872 notas).

455 1909 652 1955 Dolen
670 1925 692 1955 s
712 1907 753 1968 l)
790 1925 859 1954 vs.
900 1909 969 1962 17,
1007 1910 1136 1963 quod
1169 1909 1496 1955 Broukhusius
1527 1910 1833 1963 probantibus
1865 1910 2171 1955 Lachmanno

456 2006 695 2051 Muellero
708 2006 929 2051 Vahleno
962 2006 1138 2059 Paleyo
1170 2006 1404 2059 Postgatio
1436 2006 1654 2051 Palmero
1686 2006 1734 2050 in
1766 2006 1989 2050 volens
2011 2013 2171 2058 mutat,

459 2102 772 2147 Baehrensius
802 2102 849 2147 in
891 2103 1125 2155 calens,
1165 2117 1331 2147 sanum
1363 2117 1466 2147 esse
1498 2102 1700 2147 videtur.
1732 2102 1790 2147 cf.
1825 2101 2171 2147 Rothsteinium

454 2213 595 2251 supra
625 2199 879 2244 laudatum.
912 2199 1163 2244 Praeterea
1195 2198 1477 2244 Housmano
1508 2197 1735 2243 assentior
1764 2205 1873 2251 post
1903 2197 2174 2251 garrula

455 2309 557 2340 esse
589 2294 1030 2348 interpungendum.

326 2463 395 2508 19.
457 2463 553 2507 Pro
583 2462 786 2514 avari;
818 2470 945 2507 recte
978 2461 1078 2506 Itali
1110 2475 1355 2506 avarus.

458 2558 636 2603 Iniuria
667 2558 968 2602 commendat
1000 2556 1189 2601 Ellisius
1220 2553 1364 2614 (JPh.
1397 2555 1508 2607 XV,
1541 2571 1586 2608 p.
1622 2552 1731 2613 19):

458 2669 534 2698 me
582 2653 822 2705 miserum,
869 2653 941 2697 his
987 2651 1236 2704 aliquid
1269 2651 1498 2696 rationem
1536 2650 1695 2695 scribit
1726 2650 1868 2694 avari.
1901 2649 2172 2702 Aliquid

456 2748 696 2793 invenitur
727 2748 774 2793 in
808 2748 1153 2799 Manuscrupto
1186 2747 1442 2792 Bodleano.
1474 2744 1794 2804 („purchased
1828 2745 1892 2798 by
1910 2745 2006 2790 Mr.
2026 2745 2092 2790 H.
2110 2744 2171 2791 O.

458 2845 595 2891 Coxe
626 2844 675 2888 in
710 2841 893 2900 1870”).

458 2941 589 2993 Quid
637 2941 753 2985 haec
799 2939 937 2984 lectio
984 2938 1222 2992 significet,
1269 2953 1364 2982 non
1407 2937 1543 2982 facile
1576 2936 1911 2990 intelligeretur
1942 2935 2030 2980 nisi
2071 2935 2171 2987 ipse

459 3036 648 3081 Ellisius
694 3035 964 3080 versionem
1011 3034 1292 3079 addidisset:
1340 3031 1510 3085 „Some
1542 3032 1732 3084 miserly
1764 3031 1894 3084 thing
1924 3030 2081 3076 writes
2112 3045 2171 3075 an

458 3140 657 3177 account
688 3131 736 3176 in
770 3131 901 3176 these
932 3130 1141 3175 tablets”.

326 3298 398 3343 22.
461 3298 671 3351 sigum
703 3306 831 3342 recte
864 3297 1122 3342 Beroaldus
1153 3295 1424 3341 emendavit
1454 3295 1636 3348 ligna.

375 3467 401 3512 ¹)
449 3469 509 3504 Sic
535 3480 679 3510 quoque
706 3468 954 3503 Hartmanus:
980 3468 1058 3509 „als
1084 3469 1172 3501 haar
1197 3468 1242 3501 de
1268 3465 1531 3500 eenznmheid
1558 3463 1759 3499 verdriet”.
