2566 3886
378 391 476 437 125.

378 1078 475 1125 135.

369 2240 467 2286 139.

370 3047 468 3092 149.

1167 261 1432 307 -299-

510 392 656 437 Hunc
687 407 878 437 versum
910 407 1019 436 cum
1053 392 1359 436 Lachmanno
1391 392 1517 445 lego:

660 487 1020 541 scandentisque
1051 487 1180 532 Asisi
1209 487 1445 540 consurgit
1476 486 1654 532 vertice
1686 501 1862 531 murus.

508 582 622 627 Non
654 591 810 626 tamen
842 582 1100 635 adstipulor
1132 582 1439 634 Rothsteinio‚
1472 582 1552 634 qui
1584 582 1798 626 adnotat:
1837 579 2129 633 „Vertice
2161 579 2220 624 ist

508 677 651 721 Dativ
695 677 781 721 der
824 677 1060 730 Richtung
1102 678 1200 722 und
1245 677 1524 722 bezeichnet
1557 677 1650 721 den
1682 676 1911 720 hochsten
1943 674 2104 719 Punkt
2134 674 2218 718 des

509 771 1026 825 Himmelsgewolbes”,
1072 768 1156 829 (cf.
1203 787 1325 824 quae
1371 772 1429 816 ad
1479 771 1515 822 Ι,
1566 770 1634 823 14,
1675 770 1702 814 5
1733 766 2101 825 adnotavimus),
2134 768 2217 812 sed

505 881 696 911 versum
740 866 1045 927 interpretor:
1093 866 1203 918 „ubi
1253 866 1301 910 in
1348 874 1508 911 monte
1554 880 1717 910 murus
1763 864 2028 909 scandentis
2073 862 2217 908 Asisii

505 961 783 1014 consurgit”.

507 1087 551 1124 at
582 1087 632 1123 tu
664 1078 784 1131 finge
815 1079 984 1132 elegos,
1016 1078 1155 1123 fallax
1186 1092 1319 1131 opus.

506 1174 651 1219 Unde
708 1173 944 1226 Astrologi
992 1188 1148 1218 sermo
1194 1174 1352 1218 denuo
1398 1173 1602 1226 incipiat,
1649 1182 1882 1227 quaerunt
1927 1172 2016 1217 viri
2065 1172 2216 1217 doctis

506 1267 858 1314 Heimreichius
889 1267 1162 1321 Apollinem
1195 1283 1345 1320 usque
1376 1268 1435 1312 ad
1467 1283 1660 1313 versum
1696 1268 1781 1312 146
1812 1268 1955 1320 loqui,
1988 1282 2137 1321 usque
2157 1268 2216 1311 ad

503 1378 693 1408 versum
710 1361 794 1407 138
811 1371 941 1415 putat
959 1363 1313 1408 Luetiohannus
1330 1360 1478 1420 (nam
1496 1377 1637 1408 versu
1658 1361 1743 1407 139
1775 1363 1822 1407 in
1855 1363 1958 1407 iam
1992 1360 2215 1420 mutans).

503 1457 595 1503 Sed
626 1466 712 1511 ego
742 1472 851 1502 cum
885 1457 1179 1503 Rothsteinio
1211 1459 1334 1503 malo
1350 1459 1546 1503 credere
1563 1458 1835 1511 Apollinem
1855 1458 2007 1510 ipsum
2025 1457 2216 1510 loquen-

502 1562 596 1598 tem
628 1568 723 1598 non
755 1567 858 1598 esse
890 1552 1149 1605 inductum,
1183 1553 1373 1598 Horum
1406 1568 1548 1598 versu
1584 1552 1668 1598 135
1700 1568 1931 1598 summam
1964 1552 2103 1597 totius
2121 1567 2216 1596 car·

503 1647 641 1692 minis
699 1647 1028 1700 pronuntiare;
1089 1663 1292 1701 sequens
1338 1648 1465 1692 enim
1513 1647 1746 1692 distichon
1794 1646 2042 1692 consilium
2090 1646 2214 1691 Hori

502 1743 715 1796 explicat.
747 1742 794 1788 Si
826 1744 943 1788 haec
975 1743 1089 1788 mihi
1117 1743 1395 1795 assentieris,
1413 1743 1553 1787 etiam
1570 1742 1810 1796 intelliges,
1827 1757 1913 1787 cur
1930 1741 2213 1786 vocabulum

503 1838 708 1889 fallax,
740 1839 868 1890 quod
902 1838 1215 1882 Baehrensius
1240 1846 1286 1883 et
1311 1838 1570 1891 Postgatius
1602 1835 1676 1895 (in
1709 1837 1914 1882 editione
1940 1834 2081 1894 1894)
2107 1852 2215 1882 cum

504 1932 705 1978 Heinsio
737 1933 784 1978 in
817 1934 1025 1986 pellax
1052 1942 1244 1986 mutant,
1272 1934 1502 1987 integrum
1530 1935 1714 1979 ducam.
1742 1933 1878 1986 Opus
1901 1933 2027 1978 enim
2051 1941 2216 1986 poetae

502 2042 597 2071 non
645 2043 700 2072 ea
746 2028 1006 2080 allaturum,
1053 2044 1174 2082 quae
1205 2030 1426 2074 ardenter
1462 2029 1631 2082 cupiat,
1664 2027 1968 2081 sequentibus
2000 2027 2215 2073 versibus

502 2122 727 2174 praedicit
758 2123 1028 2177 astrologus.

499 2241 656 2286 Versu
690 2239 775 2285 139
807 2241 1173 2297 Luetiohanni1)
1205 2242 1475 2287 inventum:

619 2351 727 2380 nam
759 2336 842 2380 tibi
873 2336 1089 2381 victrices
1117 2351 1439 2389 quascumque
1471 2337 1529 2381 in
1573 2352 1781 2382 amore
1824 2337 1991 2390 parasti

498 2430 710 2483 recipere
741 2430 898 2475 velim.

501 2549 576 2594 De
607 2549 788 2601 reliqua
818 2549 1036 2595 carminis
1068 2559 1198 2603 parte
1224 2551 1382 2595 brevis
1399 2566 1502 2596 esse
1519 2566 1724 2604 possum,
1742 2567 1851 2596 cum
1870 2551 1984 2596 nihil
2001 2551 2214 2603 habeam,

499 2645 627 2696 quod
669 2658 696 2687 a
728 2643 1019 2689 Phillimorio
1051 2645 1098 2689 in
1130 2645 1202 2689 his
1234 2645 1450 2690 versibus
1481 2646 1678 2691 edendis
1710 2646 1993 2691 dissentiam,
2029 2646 2214 2699 Recipit

500 2738 626 2782 enim
672 2753 751 2782 eas
797 2738 1102 2791 coniecturas,
1150 2740 1209 2784 de
1257 2740 1427 2792 quibus
1474 2756 1615 2785 nemo
1648 2741 1840 2785 dubitat.
1886 2740 2213 2792 Baehrensius,

499 2833 581 2884 qui
612 2847 754 2876 versu
788 2832 872 2877 142
904 2842 954 2877 ut
985 2835 1115 2885 solet,
1132 2834 1190 2892 ab
1209 2834 1254 2879 O
1272 2835 1471 2879 lectione
1488 2836 1725 2887 profectus
1742 2851 1829 2889 pro
1851 2835 1992 2879 nihil
2014 2835 2214 2887 premit

500 2926 576 2970 nil
605 2926 758 2971 iuvet
789 2927 909 2980 legit,
942 2927 1033 2972 iam
1064 2928 1290 2973 refutatus
1321 2930 1380 2974 ab
1408 2930 1689 2975 Housmano
1706 2928 1848 2987 (JPh.
1867 2929 2003 2982 XXI,
2021 2944 2065 2981 p.
2085 2927 2210 2986 132).

501 3049 578 3093 vel
609 3048 879 3093 tremefacta
909 3064 1028 3094 cavo
1059 3051 1194 3095 tellus
1226 3051 1415 3096 diducat
1448 3052 1625 3097 hiatum

501 3143 628 3188 Cum
661 3144 1064 3188 tremefacta
1101 3159 1263 3190 cavo
1294 3161 1380 3197 pro
1412 3155 1606 3191 utero
1637 3161 1968 3191 concussa
1998 3147 2211 3199 accipere

501 3237 659 3289 nolim,
692 3238 914 3283 Italorum
941 3239 1209 3284 coniectura
1240 3254 1265 3284 c
1281 3255 1308 3284 a
1324 3256 1355 3284 v
1372 3255 1414 3284 o.
1428 3273 1438 3284 .
1451 3273 1461 3284 .
1476 3273 1486 3284 .
1519 3242 1550 3285 h
1567 3241 1581 3285 i
1598 3256 1625 3285 a
1641 3249 1658 3284 t
1674 3257 1705 3285 u
1737 3240 1954 3284 δείνωσιν
1984 3241 2210 3293 praebere

501 3331 730 3384 videatur,
762 3347 871 3378 cum
903 3333 1190 3379 Baehrensio
1221 3335 1403 3388 corrigo
1434 3351 1460 3380 c
1477 3351 1504 3380 a
1519 3351 1551 3380 v
1568 3351 1596 3380 o
1614 3351 1661 3380 m
1679 3368 1690 3379 .
1706 3368 1716 3379 .
1732 3368 1742 3379 .
1757 3368 1767 3379 .
1785 3336 1817 3380 h
1834 3336 1849 3380 i
1865 3350 1893 3380 a
1909 3344 1926 3380 t
1943 3351 1973 3380 u
1990 3351 2052 3380 m.

417 3447 448 3494 1)

497 3451 840 3487 Commentationes
867 3453 1139 3495 Proper-tianae,
1165 3466 1198 3495 p.
1226 3455 1280 3489 11.
