2566 3886
318 921 389 968 37.

318 2022 390 2069 39.

322 2837 393 2882 41.

1106 284 1164 291 -
1194 259 1369 305 349-

448 392 532 437 sed
563 391 612 436 in
644 399 811 436 neutro
841 392 946 436 loco
976 390 1229 444 quicquam
1261 390 1418 435 auxilii
1450 390 1510 434 ad
1543 398 1756 435 nostrum
1774 389 2028 441 tuendum;
2049 403 2158 434 cum

451 486 608 538 priore
653 486 772 538 loco,
816 486 930 539 quid
974 486 1155 531 forte
1200 501 1227 530 e
1244 500 1320 538 po
1338 501 1359 530 s
1406 484 1645 538 significet,
1692 485 1907 538 opposito
1954 501 2000 530 m
2020 486 2158 531 olle

451 580 752 634 perspicuum
784 580 875 633 fiat,
906 581 1052 625 altero
1083 581 1188 625 loco
1218 580 1279 625 fo
1295 595 1320 624 r
1336 580 1422 624 tis
1454 580 1579 624 idem
1612 579 1669 624 sit
1685 588 1825 632 atque
1855 580 2159 627 fervidus.

451 675 716 720 Hartmano
746 683 1001 728 praeeunte
1031 690 1139 719 cum
1173 674 1460 719 Marklando
1490 674 1697 727 corrigo:

451 769 630 815 Cossus
660 770 722 814 ait
752 769 882 814 fortis
913 768 1080 814 melius
1111 783 1396 813 concurrere
1427 783 1609 822 campo.

450 923 498 968 di
531 923 685 968 Latias
714 922 879 968 iuvere
910 936 1076 967 manus

451 1018 546 1062 Pro
589 1018 650 1063 di
683 1018 913 1063 Latias
945 1017 986 1061 F
1018 1017 1376 1062 Romuleas
1407 1017 1626 1069 servavit,
1659 1018 1787 1070 quod
1819 1017 1946 1061 unde
1978 1017 2161 1062 venerit

450 1128 545 1158 non
576 1113 747 1165 liquet3
780 1113 862 1157 sed
880 1127 1166 1166 quamquam
1183 1111 1336 1164 ipsum
1367 1111 1410 1156 R
1431 1126 1460 1156 o
1476 1127 1523 1155 m
1541 1112 1649 1156 ule
1665 1127 1692 1156 a
1708 1127 1744 1163 s,
1773 1112 1884 1164 quia
1899 1112 2160 1157 subiectum

450 1208 509 1252 di
555 1207 704 1253 omitti
750 1221 845 1251 non
891 1214 1056 1259 potest,
1105 1205 1294 1250 defendi
1342 1205 1517 1259 nequit,
1564 1205 1757 1259 vestigia
1801 1207 1904 1251 veri
1950 1221 2161 1251 servasse

449 1302 638 1347 videtur
697 1301 763 1354 F;
824 1301 1042 1346 conicere
1103 1314 1352 1352 possumus
1410 1299 1549 1344 etiam
1611 1300 1659 1344 in
1721 1302 1976 1353 archetypo
2022 1301 2162 1345 fuisse

453 1396 603 1442 Rom
620 1396 679 1441 ul
696 1411 817 1448 eas,
850 1395 1008 1449 idque,
1040 1394 1264 1448 quoniam
1296 1404 1456 1447 aptum
1489 1409 1680 1440 sensum
1713 1410 1808 1440 non
1832 1396 2093 1449 praeberet,
2114 1397 2161 1440 in

448 1490 667 1535 omnibus
712 1489 954 1534 codicibus
1000 1498 1199 1542 excepto
1246 1489 1287 1533 F
1334 1498 1380 1534 et
1426 1489 1487 1541 D,
1535 1489 1616 1534 ubi
1663 1490 1711 1534 in
1744 1490 1951 1543 margine
1983 1491 2162 1544 legitur,

450 1586 720 1630 coniectura
750 1593 978 1629 mutatum
1011 1599 1114 1629 esse
1152 1584 1199 1628 in
1232 1584 1295 1628 di
1328 1584 1369 1628 L
1385 1593 1445 1628 at
1462 1584 1475 1628 i
1492 1599 1570 1628 as.
1603 1583 1678 1629 Sic
1709 1600 1877 1629 verum
1894 1600 1996 1630 esse
2013 1594 2163 1638 potest

454 1679 721 1725 Housmani
752 1679 890 1724 illud:

453 1775 531 1820 Di
579 1774 890 1819 Remulas
935 1773 1100 1818 iuvere
1131 1788 1298 1818 manus
1328 1771 1473 1831 (JPh.
1504 1773 1641 1826 XVI,
1674 1789 1718 1827 p.
1754 1772 1848 1832 15).

452 1869 544 1915 Sed
575 1869 624 1914 in
655 1884 707 1914 re
738 1869 914 1913 incerta
944 1868 1192 1913 lectionem
1224 1868 1287 1913 di
1319 1868 1360 1913 L
1377 1884 1404 1913 a
1420 1868 1507 1913 tia
1523 1884 1545 1913 s
1575 1884 1765 1914 servare
1795 1878 2009 1922 praestat.

452 2022 681 2068 Claudius
711 2037 740 2066 a
770 2021 941 2066 Rheno
971 2021 1187 2066 traiectos
1217 2022 1366 2067 arcuit
1396 2023 1566 2067 hostes.

451 2116 637 2163 Collato
667 2116 867 2168 Polybio
899 2116 960 2168 ΙΙ,
992 2115 1119 2167 34,2;
1163 2114 1224 2159 Ol
1242 2113 1285 2159 δ’
1311 2118 1622 2174 ἀποτυχόντες
1650 2141 1709 2148 -
1738 2118 1798 2161 de
1830 2116 1978 2162 Gallis
2009 2132 2165 2162 sermo

452 2220 521 2258 est
540 2236 594 2243 —
610 2213 691 2255 καὶ
705 2214 942 2269 κρίναντες
956 2209 1185 2268 ἐξελέγξαι
1199 2212 1279 2261 τὰς
1288 2209 1548 2261 τελευταίας
1562 2211 1764 2266 ἐλπίδας,
1782 2209 1926 2262 αὖθις
1941 2213 2166 2269 ὥρμησαν

451 2308 531 2350 ἐπὶ
558 2307 611 2349 τὸ
640 2304 941 2362 μισθοῦσθαι
970 2309 1064 2348 τῶν
1083 2307 1192 2363 περὶ
1209 2306 1291 2348 τὸν
1303 2303 1528 2348 Ῥοδανὸν
1547 2305 1791 2350 Γαισατῶν
1804 2306 2028 2350 Γαλατῶν
2044 2305 2084 2365 1)
2099 2309 2167 2357 είς

450 2403 761 2459 τρισμυρίους·
778 2402 862 2451 οὓς
875 2399 1224 2458 παραλαβόντες
1238 2398 1370 2458 εἶχον
1384 2403 1436 2444 ἐν
1450 2402 1636 2458 ἑτοίμῳ,
1656 2403 1737 2444 καὶ
1756 2401 2062 2459 προσεδόκων
2081 2404 2167 2459 τὴν

450 2500 545 2539 τῶν
564 2494 805 2552 πολεμίων
824 2494 1004 2552 ἔφοδον
1039 2510 1125 2547 pro
1146 2510 1174 2540 a
1196 2495 1389 2540 Rheno
1411 2510 1520 2540 cum
1542 2495 1734 2548 Guyeto
1753 2511 1984 2549 reponere
2001 2497 2165 2541 velimz

453 2589 683 2636 Claudius
714 2590 973 2635 Eridanum
1004 2590 1220 2635 traiectos
1251 2591 1398 2635 arcuit
1429 2591 1598 2635 hostes.
1632 2590 1765 2635 Idem
1797 2591 1871 2635 vir
1892 2592 2058 2636 doctus
2079 2607 2166 2644 pro

453 2699 523 2729 cu
537 2700 584 2729 m
615 2682 688 2742 (v.
720 2682 804 2742 40)
834 2693 962 2729 recte
992 2685 1190 2729 restituit
1221 2700 1247 2730 c
1261 2701 1292 2730 u
1309 2685 1338 2729 i.

455 2837 629 2882 Utrum
675 2852 817 2882 versu
864 2837 918 2882 41
968 2852 1077 2882 cum
1124 2838 1366 2883 codicibus
1412 2836 1513 2896 (O)
1547 2839 1638 2883 Rh
1655 2854 1729 2884 en
1747 2854 1776 2883 o
1807 2854 1866 2884 an
1898 2854 2006 2884 cum
2040 2840 2165 2884 Italis

454 2931 575 2976 Bre
593 2947 624 2976 n
641 2947 672 2976 n
689 2946 718 2976 o
777 2931 1079 2977 scribendum
1126 2933 1197 2984 sit,
1254 2932 1533 2977 dissentiunt
1570 2933 1659 2977 viri
1707 2934 1846 2978 docti.
1890 2934 2163 2979 Lectionem

455 3027 669 3071 traditam
701 3026 961 3071 defendunt
991 3042 1037 3071 v.
1061 3027 1298 3071 d.Arbois
1313 3027 1374 3072 de
1389 3027 1675 3072 Jubainville
1691 3024 1946 3085 (Comptes
1962 3029 2166 3073 rendues

456 3121 516 3165 de
561 3120 844 3173 l'academie,
889 3119 1016 3173 1889.
1065 3118 1164 3179 111)
1209 3130 1255 3165 et
1302 3120 1401 3165 Birt
1446 3118 1701 3179 (RhMPh,
1733 3120 1805 3173 51,
1836 3119 1964 3180 528),
1994 3121 2166 3174 quibus

453 3224 539 3268 ego
570 3215 842 3268 adstipulor.

374 3367 402 3414 ι)
453 3371 636 3406 Plutarch.
661 3371 699 3405 in
722 3372 800 3406 vit·
827 3371 1012 3412 Mamm,
1037 3370 1071 3405 c
1095 3371 1129 3413 ⁶,
1158 3371 1222 3405 ιο,
1248 3356 1434 3401 ἐκεῖθεν
1464 3356 1517 3400 δὲ
1545 3360 1742 3414 μυρίους
1755 3362 1850 3401 τῶν
1865 3357 2108 3401 Γαισατῶν
2138 3359 2165 3401 ὁ

322 3426 543 3484 βασιλεὺς
560 3427 875 3486 Βριτόμαρτος
894 3426 1145 3484 ἀναλαβὼν
1163 3429 1249 3484 τὴν
1267 3429 1376 3486 περὶ
1394 3427 1561 3471 Πάδον
1578 3429 1741 3486 χώραν
1760 3427 1973 3486 ἐπόρθει.
