2566 3886
1152 264 1418 309 —112—

486 395 696 447 quadrat,
741 409 835 439 non
882 394 927 439 id
968 396 1095 447 quod
1134 410 1247 449 aper
1289 395 1413 447 fecit,
1446 395 1573 441 testis
1605 396 1705 448 erit,
1738 398 1819 442 sed
1853 398 1980 451 quod
2013 413 2071 443 ex
2103 399 2202 444 eius

485 489 605 533 facto
637 498 848 535 secutum
882 499 975 535 est:
1012 490 1216 535 Veneris
1238 490 1456 536 lacrimae
1474 490 1685 536 Adonim
1705 507 1841 537 suum
1872 493 2199 545 deplorantis'‘.

487 583 597 628 Hoc
614 584 825 638 aenigma
841 600 868 629 a
884 593 1022 638 poeta
1039 585 1299 639 legentibus
1315 585 1606 639 propositum
1630 601 1732 631 esse
1761 602 1856 631 non
1889 588 2045 633 credo.
2076 588 2203 640 Quo-

485 680 628 724 modo
644 680 808 725 vitium
828 680 1080 733 irrepserit,
1112 681 1413 734 perspicuum
1431 680 1493 733 fit,
1523 681 1560 725 si
1584 696 1692 726 cum
1715 681 1819 727 viro
1840 682 1980 727 docto
2005 682 2056 727 P.
2073 682 2203 736 Hey-

488 790 630 819 mann
648 773 730 832 (In
750 775 963 828 Propert.
981 784 1157 829 quaest.
1175 784 1367 829 gramm.
1386 784 1432 820 et
1448 777 1760 830 orthograph„
1780 792 1825 830 p.
1847 775 1931 835 53)
1963 779 2204 824 statuimus

483 870 530 914 in
549 871 818 924 archetypo,
837 886 895 916 ex
910 886 1005 924 quo
1022 871 1219 923 profecti
1243 872 1334 916 sint
1365 871 1471 916 libri
1504 887 1611 916 mss.
1653 871 1703 916 N
1721 872 1769 917 A
1789 872 1829 917 F
1847 873 1893 918 D
1905 873 1967 925 V,
1999 873 2201 927 priscam

483 966 530 1010 in
545 966 878 1018 pronominum
893 966 1196 1012 relativorum
1210 966 1374 1011 formis
1388 966 1570 1019 scriptis
1584 967 1960 1021 orthographiam
1976 969 2200 1014 extitisse:

483 1061 644 1115 quoi,
695 1062 936 1114 quoius.
986 1062 1093 1115 Ipsa
1142 1061 1268 1106 enim
1316 1062 1488 1106 veteris
1543 1063 1686 1107 moris
1739 1064 1967 1117 scriptura
2020 1073 2202 1109 servata

484 1166 656 1202 exstat:
690 1158 942 1211 quoius:
976 1158 1012 1210 Ι,
1045 1157 1116 1209 20,
1151 1157 1207 1202 45
1241 1157 1361 1211 DV;
1394 1158 1577 1203 cuius
1609 1157 1754 1202 AFN

483 1252 733 1306 quoius:
780 1253 840 1305 II,
873 1252 915 1305 6,
948 1252 1006 1297 26
1038 1253 1109 1306 D;
1154 1253 1383 1306 quovis
1414 1253 1487 1305 V;
1521 1253 1653 1298 cuius
1687 1252 1754 1305 F;
1786 1254 1993 1299 cuivis
2026 1254 2075 1299 N

755 1358 882 1393 recte
924 1348 1181 1402 quoivis
1224 1348 1537 1393 Baehrensius

483 1444 652 1498 quoi:
698 1444 759 1496 II,
792 1443 864 1496 24,
897 1443 923 1489 3
958 1443 1077 1497 DV;
1110 1444 1186 1489 cui
1219 1443 1328 1488 NF.

484 1539 636 1584 Erunt
666 1547 823 1584 tamen
851 1539 1061 1591 fortasse,
1088 1539 1168 1593 qui
1198 1540 1285 1584 hac
1311 1553 1501 1592 quoque
1530 1538 1577 1583 in
1606 1554 1658 1584 re
1687 1539 1854 1584 ceteris
1886 1548 2198 1592 praestantem

483 1635 850 1688 Neapolitanum
895 1635 1191 1688 sequendum
1235 1649 1337 1679 esse
1381 1643 1627 1687 censeant;
1670 1636 1752 1680 sed
1797 1635 1834 1680 si
1877 1635 2199 1681 examinamus

482 1732 624 1783 locoS,
657 1730 806 1784 qualis
838 1738 908 1774 est
941 1730 1001 1783 II,
1034 1729 1106 1782 23,
1142 1730 1180 1782 1,
1214 1729 1294 1775 ubi
1327 1729 1424 1774 DV
1455 1730 1642 1782 legunt:

636 1826 733 1878 Qui
765 1826 848 1871 fuit
879 1825 1055 1870 indocti
1086 1824 1307 1878 fugienda
1338 1824 1502 1869 semita
1531 1824 1672 1878 vulgi,

484 1922 610 1968 AN:
645 1922 741 1974 Qui
774 1921 856 1966 fuit
888 1920 1063 1966 indocti
1096 1919 1313 1974 fugienda
1344 1928 1390 1964 et
1421 1919 1585 1964 semita
1615 1920 1756 1973 vulgi,

484 2033 579 2063 non
617 2018 769 2062 audax
808 2016 1078 2062 coniectura
1114 2024 1184 2061 est
1215 2023 1417 2060 statuere
1449 2015 1525 2060 hic
1558 2015 1669 2060 olim
1703 2016 1839 2061 etiam
1872 2015 1919 2059 in
1960 2014 2009 2060 N
2051 2015 2199 2069 quoi

483 2115 655 2159 lectum
701 2127 830 2165 esse3
875 2113 957 2158 sed
1002 2111 1221 2157 omnibus
1265 2110 1362 2155 fere
1407 2110 1521 2155 locis
1553 2110 1767 2156 librarius
1799 2110 1973 2155 codicis
2005 2109 2055 2154 N
2088 2124 2199 2154 suae

483 2209 642 2254 aetatis
674 2207 1051 2262 orthographiam
1084 2205 1295 2252 restituit.

483 2303 558 2349 Sic
595 2312 755 2349 nostro
792 2318 981 2357 quoque
1024 2304 1129 2348 loco
1172 2301 1221 2346 in
1259 2300 1514 2354 archetypo
1546 2302 1717 2346 lectum
1750 2316 1852 2346 esse
1883 2308 1996 2353 puto
2037 2299 2197 2353 quoi,

481 2399 608 2452 quod
641 2398 688 2442 in
723 2397 767 2443 O
802 2398 849 2442 in
887 2398 991 2451 qui
1029 2403 1301 2449 corruptum
1334 2404 1416 2440 est.

1062 2819 1314 2866 ELEGIA
1352 2821 1489 2866 XIV.

407 2998 417 3008 .
481 2964 575 3009 Pro
622 2979 814 3009 soror
860 2964 985 3008 haud
1030 2963 1173 3008 dubie
1216 2978 1325 3008 oum
1374 2962 1577 3008 Heinsio
1623 2962 1723 3006 sin
1745 2977 1775 3007 u
1818 2963 2068 3015 legendum
2100 2970 2195 3014 est;

481 3074 502 3104 s
518 3074 547 3104 o
564 3075 588 3103 r
604 3074 633 3104 o
650 3074 674 3104 r
705 3060 933 3113 glossema
964 3067 1033 3103 est
1064 3058 1192 3112 quod
1224 3057 1324 3102 sin
1342 3073 1373 3102 u
1405 3056 1596 3110 expulit.

409 3281 419 3292 .
481 3248 586 3293 Viri
620 3248 744 3293 docti
779 3257 943 3301 putant
989 3247 1084 3292 sic
1131 3248 1222 3292 hoe
1253 3247 1358 3292 loco
1389 3261 1492 3292 esse
1530 3246 1811 3291 vertendum
1858 3254 2036 3290 tanta
2078 3245 2195 3290 lae-

480 3343 649 3388 titia.
683 3342 775 3388 Sed
803 3358 917 3387 num
946 3342 1051 3396 quis
1080 3342 1247 3387 Latine
1279 3350 1405 3387 recte
1437 3341 1548 3386 dicit
1585 3355 1709 3385 non
1753 3340 2054 3386 Ariadne
2097 3340 2194 3385 sic

479 3437 736 3483 Thesea
783 3438 1186 3483 ineolumem
1235 3437 1436 3488 videt,
1483 3444 1911 3489 quantopere
1958 3444 2072 3488 ego
2109 3443 2194 3488 ga-
