2566 3886
1157 280 1215 286 -
1247 255 1334 301 324
1366 282 1421 288 -

499 382 695 427 celati
728 382 789 435 O,
820 385 948 437 quod
980 385 1193 439 plerique
1225 386 1428 431 editores
1459 396 1648 432 tuentur
1689 390 1918 435 caelati
1960 392 2216 437 scribentes

498 478 706 530 exceptis
738 478 1043 525 Lachmanno
1076 480 1251 533 Paleyo
1277 481 1508 535 Postgatio
1535 483 1843 536 Rothsteinio‚
1875 485 1955 538 qui
1977 501 2086 531 cum
2108 486 2216 532 Pas·

497 572 666 617 seratio
697 574 926 618 cretati
958 575 1130 628 legunt.

498 667 549 718 Ii.
582 667 662 721 qui
695 669 922 713 caelati
954 670 1114 722 edunt,
1146 670 1379 722 explicant
1410 671 1625 723 „barbari
1657 687 1827 725 corpus
1858 689 1944 718 acu
1977 675 2053 719 vel
2084 676 2215 720 caelo

494 764 796 816 pungentes”,
814 764 1039 817 Anglice:
1072 765 1363 809 tattooed.
1393 764 1642 819 Nusquam
1659 775 1815 811 tamen
1847 768 2095 813 caelare
2124 769 2213 814 hoc

493 874 634 904 sensu
659 859 920 904 adhibitum
944 860 1153 913 legimus.
1177 860 1324 912 Apud
1350 860 1717 914 Hertzbergium
1741 871 1981 914 praeterea
1997 863 2212 916 legimus:

494 963 651 1007 „recte
683 954 882 999 Iacobus
914 963 1111 999 cretatos
1143 956 1289 1007 pedes
1320 955 1626 1000 barbarorum
1659 953 1856 1013 (quibus
1887 957 2060 1002 scilicet
2074 972 2213 1002 vena·

491 1051 558 1095 les
590 1065 692 1095 esse
723 1046 1065 1107 significentur)
1108 1050 1241 1095 titulo
1272 1050 1363 1094 iam
1396 1050 1546 1094 notari
1577 1049 1839 1094 observat’'.
1882 1049 2066 1095 Titulus
2097 1051 2210 1105 quid

491 1145 562 1197 sit,
595 1159 681 1189 nos
713 1145 851 1190 docet
882 1144 1066 1190 Gellius
1099 1145 1184 1197 IV,
1216 1144 1258 1189 2.
1294 1144 1332 1188 1.
1364 1142 1451 1202 (cf.
1485 1144 1831 1189 Rothsteinium
1863 1144 1922 1189 ad
1954 1145 2080 1190 hunc
2109 1161 2211 1191 ver-

490 1238 648 1299 sum);
682 1240 840 1286 Iacobi
872 1240 1009 1294 igitur
1040 1240 1306 1285 observatio
1337 1241 1395 1285 ad
1428 1240 1544 1284 nihil
1574 1240 1708 1284 redit.

489 1336 791 1389 Legendum:
824 1351 850 1381 c
863 1352 887 1381 r
900 1351 927 1381 e
940 1345 995 1381 ta
1008 1344 1025 1380 t
1037 1336 1066 1380 i.

355 1465 427 1510 55.
459 1465 530 1510 56.
593 1466 742 1519 Cave,
774 1482 836 1512 ne
866 1482 975 1512 cum
1008 1465 1240 1520 Scaligero
1274 1466 1580 1511 Lachmanno
1612 1465 1844 1519 Postgatio
1866 1466 1956 1511 hoc
1976 1466 2207 1511 distichon

486 1562 698 1615 spurium
730 1563 888 1608 ducas.
930 1562 1053 1608 Toto
1096 1562 1304 1607 carmine
1335 1570 1474 1614 poeta
1504 1577 1646 1606 anum
1678 1562 1821 1605 malas
1858 1569 1980 1606 artes
2017 1576 2207 1606 enume-

484 1666 665 1702 rantem
697 1657 820 1710 facit,
852 1673 938 1711 per
968 1673 1084 1711 quas
1115 1657 1215 1710 ipse
1246 1656 1462 1710 perierim
1494 1656 1596 1701 iure
1629 1671 1714 1701 suo
1747 1655 2090 1709 Hertzbergius
2120 1656 2206 1701 hos

483 1768 650 1799 versus
681 1768 884 1806 „nervos
914 1753 1054 1798 totius
1086 1753 1288 1807 elegiae”
1312 1760 1464 1797 vocat.

349 1883 419 1928 57.
452 1883 524 1929 58.
586 1884 666 1938 qui
698 1899 878 1936 versus,
910 1883 1042 1930 Coae
1065 1883 1249 1929 dederit
1280 1898 1368 1928 nec
1400 1897 1597 1927 munera
1627 1882 1784 1933 vestis,

647 1979 778 2024 istius
809 1979 892 2024 tibi
919 1979 976 2024 sit
1007 1979 1149 2024 surda
1179 1978 1280 2023 sine
1311 1992 1419 2022 aere
1450 1977 1564 2029 lyra.

483 2074 597 2119 Non
639 2083 768 2119 recte
810 2074 987 2119 faciunt
1027 2074 1059 2118 ii
1102 2073 1183 2127 qui
1227 2088 1370 2118 versu
1401 2071 1459 2117 58
1491 2072 1798 2116 Lachmanno
1828 2078 2084 2124 praeeunte
2114 2071 2203 2115 lec-

480 2169 658 2214 tionem
691 2168 993 2223 Neapolitani
1025 2169 1298 2221 praeferunt
1334 2175 1599 2212 ceterorum
1643 2165 1830 2210 lectioni
1877 2165 2011 2210 sine
2057 2173 2201 2210 arte.

480 2262 609 2308 Nam
641 2263 755 2317 quid
787 2264 878 2309 hoc
909 2272 1004 2308 est:
1037 2263 1118 2317 qui
1150 2277 1316 2308 versus
1347 2261 1545 2313 dederit,
1577 2276 1673 2305 non
1690 2260 1874 2305 dederit
1888 2268 2084 2312 vestem,
2100 2259 2201 2304 eius

479 2359 581 2411 lyra
612 2359 754 2403 surda
784 2359 841 2403 sit
872 2358 973 2403 sine
1004 2373 1113 2403 aere
1126 2357 1153 2402 P

480 2452 512 2497 S
528 2453 542 2498 i
559 2469 590 2498 n
607 2469 635 2498 e
663 2469 691 2498 a
706 2469 730 2498 r
745 2462 763 2498 t
778 2468 805 2498 e
833 2462 990 2498 tamen
1007 2453 1236 2506 optimum
1254 2451 1444 2505 praebet
1460 2465 1674 2496 sensum:
1693 2449 1802 2503 „qui
1819 2464 1984 2494 versus
2001 2449 2197 2501 dederit.

476 2564 572 2594 non
620 2548 804 2594 dederit
848 2557 1044 2601 vestem,
1091 2548 1192 2593 eius
1238 2549 1340 2600 lyra
1385 2547 1527 2591 surda
1567 2546 1624 2591 sit
1664 2560 1787 2590 neve
1818 2559 1955 2590 aures
1985 2552 2083 2590 arte
2114 2559 2198 2590 sua

473 2644 704 2689 moveat’'.

341 2772 413 2818 61.
445 2773 517 2818 62.
578 2773 694 2819 Vidi
726 2783 811 2828 ego
842 2773 1024 2819 odorati
1055 2773 1237 2818 victura
1266 2772 1442 2817 rosaria
1474 2771 1626 2816 Paesti

644 2869 732 2914 sub
763 2869 990 2914 matutino
1022 2876 1154 2913 cocta
1184 2867 1336 2912 iacere
1368 2866 1513 2911 Noto.

473 2963 798 3017 Schippersius
830 2961 900 3021 (p.
933 2961 1017 3021 48)
1047 2978 1239 3008 versum
1271 2963 1337 3007 sic
1368 2962 1551 3015 refingit

625 3059 724 3104 vidi
756 3068 842 3112 ego
888 3059 1244 3104 odoratum
1291 3057 1473 3102 victura
1503 3056 1678 3102 rosaria
1710 3055 2012 3101 Paestum

475 3155 626 3199 collat.
658 3154 802 3199 Mart.
833 3153 931 3199 XII
965 3153 1052 3206 Ep.
1084 3151 1168 3197 31:

550 3257 553 3259 “
623 3257 848 3303 prataque
880 3263 968 3293 nec
1000 3248 1152 3292 bifero
1183 3261 1371 3292 cessura
1402 3245 1577 3290 rosaria
1607 3245 1775 3290 Paesto

474 3352 521 3388 et
552 3343 647 3389 Ov.
680 3358 740 3388 ex
772 3343 924 3388 Ponto
956 3342 1018 3395 11,
1049 3342 1092 3395 4,
1123 3341 1207 3387 28:

621 3439 866 3490 calthaque
896 3437 1147 3482 Paestanas
1177 3436 1335 3481 vincet
1364 3436 1512 3481 odore
1541 3450 1684 3480 rosas.
