2566 3886
1125 272 1359 320 -77-

1072 487 1325 535 ELEGIA
1358 488 1418 532 ΙΙ.

321 622 360 667 1.
378 621 419 666 2.
451 621 632 666 Versus
684 621 889 673 primum
941 629 987 664 et
1039 620 1300 665 secundum
1347 617 1550 672 Scaliger
1593 617 1703 662 hinc
1749 617 1925 662 alienos
1971 617 2164 671 putavit,

451 731 656 770 eumque
701 715 959 769 Postgatius
1003 715 1052 760 in
1101 714 1305 759 editione
1352 713 1529 760 maiore
1573 711 1640 771 (a.
1681 710 1822 771 1894)
1859 722 2045 758 secutus
2083 722 2165 758 est.

453 811 694 855 Immerito
725 819 906 855 tamen:
939 825 1047 855 nam
1082 808 1128 854 1⁰
1158 808 1206 853 in
1237 808 1376 854 huius
1407 808 1626 853 carminis
1641 808 1772 853 initio
1803 807 2026 860 aptissimi
2045 816 2166 860 sunt,

452 906 562 959 quia
598 915 736 958 poeta
771 906 818 950 in
857 920 983 951 novo
1021 919 1106 950 suo
1140 904 1260 949 libro
1291 904 1443 949 statim
1474 919 1502 948 a
1532 903 1686 955 primo
1717 903 1828 948 inde
1859 917 2000 948 versu
2032 901 2167 947 nobis

454 1001 688 1054 explicare
718 1001 873 1054 debet,
905 1016 991 1046 cur
1022 1001 1180 1046 denuo
1211 1014 1395 1044 amores
1426 998 1610 1044 scribat.

452 1095 501 1141 2⁰
539 1096 756 1141 transitus
791 1095 832 1140 is
869 1103 938 1140 est
975 1110 1117 1147 quem
1157 1094 1429 1148 Propertius
1460 1093 1508 1138 in
1540 1092 1718 1138 deliciis
1749 1092 1914 1137 habet:
1947 1092 2169 1145 „Amoris

452 1190 630 1236 insidiis
666 1199 828 1243 captus
865 1205 984 1242 sum,
1022 1189 1185 1242 inquit,
1224 1189 1307 1234 sed
1346 1204 1460 1234 num
1492 1189 1583 1233 hoc
1614 1187 1786 1233 mirum
1818 1196 1901 1240 est,
1933 1203 2041 1233 cum
2074 1197 2166 1233 tam

451 1286 647 1339 pulchra
678 1286 831 1338 puella
863 1285 910 1330 in
942 1285 1079 1330 terris
1110 1285 1347 1330 moratur-’⁹
1365 1283 1392 1328 P

455 1475 521 1529 Ig
536 1491 567 1520 n
584 1490 613 1520 o
630 1491 654 1520 r
670 1491 699 1520 o
744 1484 871 1520 recte
917 1490 967 1520 se
1014 1474 1188 1520 habere
1234 1489 1476 1528 nunquam
1523 1474 1739 1527 credam;
1777 1489 1886 1519 nam
1924 1473 2168 1519 audiamus

453 1586 600 1616 unum
647 1586 707 1615 ex
743 1571 799 1615 iis
837 1570 918 1624 qui
956 1570 1080 1615 illam
1112 1584 1280 1615 vocem
1313 1569 1584 1622 defendunt,
1631 1569 1787 1615 virum
1819 1570 2009 1615 doctum
2042 1568 2168 1615 Gow

451 1667 517 1712 sic
549 1666 830 1711 scribentem
861 1664 1128 1724 (Transact.
1160 1665 1215 1710 of
1239 1666 1318 1709 the
1350 1663 1636 1718 Cambridge
1660 1664 1960 1718 Philological
1982 1663 2168 1718 Society

453 1762 545 1806 vol.
600 1761 661 1806 Π.
713 1760 840 1813 1883,
875 1758 1015 1818 157):
1063 1760 1168 1805 The
1217 1760 1515 1805 Pentameter
1560 1760 1672 1812 only
1715 1759 1927 1812 requires
1979 1774 2007 1804 a
2058 1768 2168 1804 note

458 1856 505 1900 of
534 1856 864 1909 interrogation
895 1864 941 1900 at
972 1856 1050 1900 the
1082 1855 1175 1900 end
1206 1864 1254 1900 to
1286 1855 1424 1900 make
1455 1855 1489 1900 it
1515 1854 1797 1908 intelligible.
1831 1854 1957 1907 „Am
1990 1855 2011 1900 Ι
2044 1854 2168 1908 igno·

404 1996 408 1999 Δ
453 1959 557 1995 rant
588 1951 635 1996 of
664 1966 786 2003 your
815 1951 894 1996 old
925 1965 1128 2002 amours,
1161 1949 1366 2003 Iupiter''
1381 1948 1408 1993 P
1438 1949 1477 1994 is
1505 1949 1793 2003 Propertius’
1808 1964 1915 2002 way
1930 1949 1986 1994 of
1995 1949 2170 2003 saying,

456 2043 630 2096 „Were
662 2046 794 2090 those
825 2059 1014 2090 amours
1044 2044 1245 2089 realities
1257 2043 1312 2088 ?’‘
1344 2043 1450 2089 The
1481 2052 1725 2097 argument
1755 2043 1794 2088 is
1824 2044 1922 2088 that
1953 2044 2170 2097 Iupiter's

452 2140 670 2193 allowing
707 2138 914 2192 Cynthia
952 2147 999 2183 to
1030 2139 1209 2183 remain
1242 2153 1303 2184 on
1335 2140 1466 2184 earth
1497 2147 1667 2192 among
1698 2154 1808 2183 men
1840 2136 2099 2197 (humana)
2134 2140 2172 2184 is

455 2250 482 2279 a
512 2249 678 2280 reason
710 2235 782 2279 ior
813 2234 1038 2288 doubting
1069 2236 1147 2280 the
1177 2234 1302 2279 truth
1334 2233 1389 2279 of
1408 2234 1488 2278 the
1511 2234 1675 2279 stories
1706 2234 1754 2279 oi
1784 2234 1856 2279 his
1888 2235 2171 2279 attachment

457 2339 504 2375 to
534 2331 614 2375 the
644 2330 864 2375 heroines
895 2330 944 2375 oi
973 2330 1066 2375 old.

453 2423 499 2469 Si
531 2424 798 2478 quiequam,
830 2426 920 2470 hoc
952 2434 1078 2470 certe
1110 2425 1364 2470 obscurum
1396 2434 1486 2477 est;
1517 2425 1798 2470 Rothsteinii
1814 2425 2171 2479 explicationem

451 2520 575 2573 apud
607 2535 717 2565 eum
748 2520 901 2572 ipsum
950 2521 1140 2573 relegas,
1184 2520 1267 2565 sed
1313 2535 1427 2565 num
1475 2520 1712 2573 ignoro
1759 2528 1820 2564 te
1867 2520 1972 2572 „ich
2014 2521 2172 2565 kenne

450 2614 559 2660 dich
614 2615 742 2660 nicht
798 2615 961 2659 mehr’'
1015 2614 1272 2668 significare
1323 2624 1487 2668 potest,
1531 2631 1646 2661 num
1693 2616 1779 2668 ipsi
1833 2615 1932 2669 ign
1947 2631 2097 2661 oran
2112 2617 2172 2661 di

450 2708 599 2753 verbo
636 2708 774 2753 talem
812 2723 1001 2753 sensum
1034 2709 1240 2754 tribuere
1271 2709 1379 2754 licet
1398 2707 1480 2767 1)ῐ·)
1510 2709 1802 2762 Fonteinius‚
1833 2710 1915 2763 qui
1952 2710 2172 2764 ignoras

451 2836 462 2846 .
481 2835 492 2846 .
511 2836 522 2846 .
541 2836 551 2847 .
569 2803 712 2848 tua?>
754 2803 936 2857 scripsit
977 2805 1142 2849 vitium
1187 2805 1343 2857 sensit,
1375 2805 1459 2849 sed
1490 2804 1668 2850 facilior
1698 2804 1834 2850 nobis
1866 2805 2050 2850 medela
2080 2805 2171 2850 loci

449 2898 656 2951 corrupti
688 2898 880 2943 offertur
911 2899 1021 2952 ipsis
1053 2899 1308 2952 codicibus,
1340 2915 1449 2944 nam
1481 2900 1529 2944 in
1562 2899 1611 2944 N
1645 2900 1811 2945 eadem
1843 2915 2023 2952 manus,
2049 2910 2171 2955 quae

450 2991 510 3044 ig
526 3006 558 3035 n
574 3006 604 3036 o
620 3007 644 3036 r
659 3007 703 3044 o,
748 2993 876 3045 quod
920 2993 968 3037 in
1012 3001 1141 3038 textu
1184 2993 1363 3047 legitur,
1401 2994 1597 3046 scripsit,
1635 3009 1776 3047 supra
1812 2996 1903 3040 hoc
1939 2994 2170 3039 verbum:

450 3095 467 3130 t
514 3101 535 3130 s
552 3101 578 3130 c
595 3101 624 3131 o
669 3087 823 3139 posuit
838 3085 894 3144 ⁵¹).
928 3087 1090 3132 Credo
1115 3087 1252 3140 igitur
1272 3088 1428 3133 virum
1451 3088 1770 3133 doctissimum
1796 3087 1910 3133 Otto
1933 3086 2171 3145 (Hermes

450 3180 507 3225 23
539 3196 584 3233 p.
615 3179 700 3239 28)
730 3182 907 3234 optimo
939 3182 1040 3227 iure
1071 3183 1477 3228 commendavisse
1523 3183 1581 3236 ig
1596 3198 1627 3227 n
1645 3198 1674 3227 o
1690 3197 1712 3227 s
1729 3198 1755 3227 c
1772 3197 1801 3227 o
1819 3180 1875 3240 ³).

368 3309 393 3356 ι)

365 3379 396 3425 ’)

366 3451 392 3496 ¹)

444 3314 491 3348 cf.
518 3313 698 3348 Ribbeck.
726 3314 898 3349 RhMPh.
924 3314 996 3349 XL
1021 3326 1054 3355 p.
1080 3314 1148 3348 497
1174 3314 1287 3348 Anm.
1312 3315 1345 3350 2.

448 3384 494 3418 cf.
521 3383 613 3425 Birt,
640 3384 812 3419 RhMPh.
837 3385 883 3419 64
910 3397 942 3425 p.
968 3385 1048 3419 404.
1075 3401 1118 3407 -
1147 3385 1394 3420 Baehrensiu·
1420 3392 1519 3420 errat
1544 3386 1582 3419 in
1606 3396 1687 3426 app.
1713 3397 1765 3420 cr.

443 3454 515 3490 Ov.
540 3454 654 3489 Trint.
681 3456 742 3496 lv,
769 3457 802 3490 4.
827 3455 849 3490 8
875 3456 1015 3497 aliquot
1042 3467 1128 3490 mss.
1165 3457 1364 3498 ignora·
1399 3468 1465 3496 pro
1503 3457 1745 3498 ignoscas.
