2566 3886
1130 267 1190 273 —
1220 242 1307 288 330
1338 268 1398 274 —-

472 373 657 419 Collato
690 373 784 426 Ov,
816 373 956 418 Trist.
990 372 1076 425 IV,
1111 372 1181 425 10,
1213 372 1298 418 85:

469 469 506 514 si
539 478 694 513 tamen
726 468 940 514 extinctis
972 468 1148 521 aliquid
1179 467 1267 512 nisi
1299 467 1491 512 nomina
1522 477 1662 513 restat

547 573 593 608 et
623 563 803 617 gracilis
834 572 1033 608 structos
1064 563 1222 616 effugit
1252 562 1421 607 umbra
1451 572 1587 616 rogos

473 675 580 705 cum
645 659 927 712 Rossbergio
988 656 1158 716 (Neue
1218 658 1381 703 Jahrb.
1446 658 1676 703 Fleckeis.
1726 657 1855 711 1883,
1902 674 1947 712 p.
1994 656 2078 717 75)
2127 659 2187 704 de

473 754 817 800 extructis
848 753 1034 807 cogites.

370 929 427 982 4.'
474 953 688 983 murmur
718 939 777 982 ad
809 947 1046 982 extremae
1078 953 1230 991 nuper
1261 938 1451 982 humata
1481 937 1600 982 viae.

472 1033 553 1077 Ad
600 1033 726 1077 hunc
772 1047 963 1077 versum
1011 1032 1270 1086 Postgatius
1315 1030 1540 1090 (Praelat.
1587 1032 1697 1077 edit.
1729 1049 1774 1086 p.
1809 1030 1900 1090 V.)
1940 1032 2186 1078 verissime

471 1127 690 1172 observat
721 1127 892 1172 mirum
925 1142 1028 1171 esse
1058 1128 1314 1173 admodum
1348 1127 1646 1181 Propertium
1680 1142 1775 1172 non
1794 1127 1984 1179 addere,
2002 1142 2098 1181 quo
2112 1127 2191 1173 via

472 1222 656 1275 sepulta
701 1221 758 1266 sit
805 1221 1035 1274 Cynthia;
1084 1222 1382 1274 Propertium
1432 1221 1559 1266 enim
1608 1236 1703 1266 non
1736 1221 1824 1266 sibi
1855 1221 2076 1274 scribere,
2109 1221 2190 1276 qui

474 1317 600 1368 sciat,
647 1317 730 1361 sed
776 1317 945 1369 legenti
991 1317 1073 1370 qui
1118 1317 1307 1362 nesciat.
1356 1316 1623 1362 Housmani
1671 1325 1826 1361 tamen
1871 1316 2188 1362 coniecturam

473 1409 618 1469 (JPh.
650 1412 787 1463 XVI,
823 1426 867 1464 p.
904 1409 998 1469 14).

593 1506 772 1551 Tibure
804 1507 862 1551 ad
895 1515 1152 1552 extremam
1185 1523 1337 1561 nuper
1368 1508 1558 1552 humata
1588 1507 1728 1562 viam,

474 1617 596 1654 quae
628 1601 767 1646 nimis
799 1603 935 1655 longe
968 1603 1106 1647 distat
1136 1618 1163 1647 a
1194 1602 1358 1647 litteris
1389 1601 1583 1653 traditis,
1614 1601 1717 1646 iure
1749 1601 1895 1646 reicit.

475 1697 638 1751 Itaque
670 1712 862 1750 prorsus
893 1698 998 1742 viro
1029 1698 1285 1743 clarissimo
1317 1697 1544 1743 assentior
1575 1696 1641 1742 sic
1673 1695 1919 1741 scribenti:
1952 1704 2033 1749 „ut
2063 1710 2192 1740 nunc

475 1807 551 1837 res
597 1807 647 1836 se
685 1792 839 1844 habet,
872 1791 1108 1845 Cynthiae
1140 1793 1376 1845 sepulchri
1407 1793 1579 1844 locum,
1612 1791 1694 1836 ubi
1725 1806 1821 1836 non
1852 1790 2088 1843 attinebat,
2120 1790 2192 1836 bis

474 1887 864 1932 commemoravit
895 1887 1182 1941 Propertius,
1215 1888 1296 1932 ubi
1335 1901 1528 1932 necesse
1559 1894 1671 1938 erat,
1715 1901 1776 1930 ne
1807 1885 1953 1931 semel
1984 1884 2192 1940 quidem.

476 1991 587 2035 ergo
618 1982 747 2034 quod
773 1982 876 2026 dest
908 1997 966 2027 eo
997 1982 1126 2035 quod
1157 1989 1371 2034 superest
1398 1982 1654 2034 expleatur,
1686 1980 1902 2026 versibus
1927 1978 1999 2025 81.
2016 1978 2073 2025 82
2089 1972 2194 2034 post

476 2077 503 2121 4
536 2077 781 2122 traiectis’‘.

370 2255 412 2300 5.
474 2271 583 2301 cum
616 2255 730 2301 mihi
761 2270 955 2300 somnus
985 2255 1044 2300 ab
1076 2255 1311 2308 exsequiis
1342 2256 1571 2308 penderet
1601 2253 1773 2299 amoris

476 2351 571 2395 Pro
613 2351 843 2396 amoris
885 2350 1130 2395 Livineius
1173 2365 1258 2395 am
1274 2364 1417 2394 arus
1449 2346 1490 2406 l)
1532 2348 1745 2400 coniecit,
1788 2348 1916 2402 quod
1957 2355 2004 2392 et
2047 2347 2195 2392 Lach-

477 2460 651 2490 manno
696 2446 834 2490 valde
881 2445 1130 2498 probatum
1177 2459 1333 2497 neque
1380 2452 1536 2488 tamen
1583 2443 1621 2488 is
1662 2442 1879 2488 codicum
1916 2442 2193 2495 scripturam

475 2541 655 2586 reicere
686 2541 827 2586 audet
857 2548 1126 2593 comparato
1157 2539 1260 2584 libr.
1293 2539 1329 2583 Ι.
1363 2538 1432 2583 17.
1466 2538 1513 2582 7:

629 2634 721 2679 illic
752 2635 790 2680 si
821 2650 915 2689 qua
945 2650 1104 2680 meum
1136 2633 1410 2688 sepelissent
1439 2633 1530 2677 fata
1559 2632 1787 2684 dolorem,

687 2730 877 2775 ultimus
908 2739 954 2775 et
985 2701 1362 2783 posue-<Staret
1391 2742 1588 2773 amore
1619 2726 1735 2780 lapis

476 2834 522 2870 et
529 2824 731 2870 Theocr.
739 2825 926 2877 XXIII,
935 2824 1012 2869 43:
1027 2829 1168 2882 χῶμα
1180 2823 1232 2867 δέ
1244 2838 1327 2880 μοι
1341 2821 1561 2876 nomam,
1576 2823 1629 2865 τό
1642 2836 1731 2877 μευ
1746 2822 1923 2878 κρύψει
1937 2821 2019 2864 τὸν
2032 2821 2196 2878 ἔρωτα.

480 2920 573 2966 Sed
604 2921 833 2965 amoris
864 2920 941 2965 hic
972 2919 1231 2973 significare
1261 2933 1399 2972 posse
1431 2917 1643 2971 „puellae
1674 2931 1793 2961 ame
1814 2915 2021 2960 amatae”
2040 2930 2196 2969 neque

480 3015 528 3060 hi
559 3015 649 3060 loci
681 3015 741 3059 de
773 3029 933 3059 amore
964 3014 1079 3066 eius,
1110 3014 1191 3068 qui
1222 3014 1430 3066 sepultus
1461 3020 1543 3063 est,
1575 3026 1671 3056 non
1688 3011 1748 3055 de
1765 3009 2021 3064 superstitis
2036 3024 2196 3055 amore

482 3111 726 3163 loquentes
787 3110 1122 3160 demonstrant,
1168 3123 1323 3162 neque
1370 3107 1621 3161 quicquam
1667 3106 1859 3158 prodest
1898 3118 2196 3158 comparare:

485 3219 662 3249 meus
693 3219 870 3249 amor
897 3219 984 3256 pro
1015 3204 1083 3257 is,
1115 3218 1301 3257 quem
1333 3216 1495 3246 amo:
1528 3198 2197 3253 sicenimsiinterpretarive-

481 3299 633 3351 limus,
664 3314 927 3352 pronomen
959 3297 1275 3351 possessivum
1308 3296 1456 3342 omitti
1487 3310 1583 3340 non
1615 3303 1780 3349 potest.

403 3439 431 3486 ¹)
482 3444 528 3477 cf.
553 3443 597 3484 11,
626 3443 680 3484 19,
706 3443 740 3477 ⁶.
