2566 3886
327 2949 395 2995 10.

1140 247 1402 292 —128—

479 377 780 429 explicamus,
828 377 1124 431 intelligimus
1171 393 1313 430 quam
1361 379 1474 423 {also
1521 378 1738 430 editores,
1771 380 2006 426 interdum
2051 381 2193 434 magis

478 472 721 525 diligentes
768 472 813 516 in
857 472 1048 525 singulis
1080 472 1237 517 verbis
1268 473 1556 524 explicandis
1588 489 1729 525 quam
1762 474 1809 518 in
1842 483 2006 526 poetae
2037 475 2193 520 animo

476 567 753 620 detegendo,
785 567 881 612 duo
913 567 990 612 illa
1022 567 1219 612 disticha
1249 583 1276 612 a
1307 568 1613 620 sequentibus
1645 570 1978 622 separaverint.

476 756 764 809 Comparato
803 757 979 803 Tibulli
1023 759 1127 803 loco
1164 756 1227 816 (Ι.
1262 758 1330 803 10.
1364 757 1444 802 43:
1477 758 1707 811 liceatque
1738 768 1876 813 caput
1908 761 2191 807 candescere

473 850 628 909 canis)
659 868 768 897 cum
802 852 1005 898 Heinsio
1037 854 1286 906 legendum
1319 869 1422 899 esse
1454 869 1651 899 censeo:

624 948 738 1000 quid
771 963 877 993 mea
908 949 945 993 si
977 949 1105 993 canis
1135 957 1260 994 aetas
1292 950 1594 994 candesceret
1624 950 1772 995 annis.

473 1044 610 1095 Quae
641 1053 804 1088 contra
835 1045 957 1088 hanc
985 1043 1235 1088 lectionem
1265 1044 1396 1088 affert
1420 1044 1731 1098 Rossbergius
1748 1042 2029 1103 (Lucubrat.
2048 1046 2188 1099 Prop.

470 1154 515 1191 p.
557 1137 639 1196 14)
683 1139 797 1183 mihi
840 1153 935 1183 non
982 1148 1328 1190 persuaserunt.
1375 1139 1510 1184 Haec
1554 1139 1680 1184 enim
1725 1150 1833 1185 sunt
1874 1141 1974 1186 eius
2017 1142 2188 1187 verba:

471 1235 692 1287 „Duplex
739 1235 786 1279 in
834 1250 892 1279 eo
938 1243 1109 1288 genere
1156 1234 1344 1279 dicendi
1375 1237 1548 1292 τρόπος
1589 1236 1773 1288 inesset,
1806 1252 1915 1281 cum
1947 1245 2071 1282 aetas
2102 1252 2188 1290 pro

471 1330 573 1382 ipso
626 1330 833 1382 homine,
886 1330 994 1374 cani
1047 1338 1203 1374 autem
1256 1330 1366 1374 anni
1419 1345 1505 1382 pro
1551 1331 1719 1376 talibus
1750 1332 1897 1376 comis
1928 1332 2189 1384 accipiendi

470 1434 639 1470 essent.
674 1424 838 1469 Nimia
868 1425 1080 1477 profecto
1107 1425 1301 1470 audacia
1331 1434 1377 1470 et
1409 1441 1470 1470 ne
1501 1435 1667 1479 poetae
1698 1427 1892 1479 quidem
1910 1426 2187 1472 concessa”!

470 1519 562 1565 Sed
592 1528 764 1565 aetas
796 1536 925 1565 mea
957 1520 1071 1565 nihil
1103 1521 1229 1566 aliud
1262 1521 1486 1574 significat
1516 1537 1658 1574 quam
1691 1531 1825 1576 ego;
1858 1538 1908 1567 se
1939 1525 2100 1580 τρόπῳ
2120 1523 2187 1568 uti

471 1616 537 1661 sic
569 1615 853 1661 scribentem
886 1631 947 1660 ne
979 1616 1152 1661 sentire
1184 1616 1377 1669 quidem
1410 1625 1596 1669 poetam
1627 1617 1762 1662 facile
1796 1618 2106 1671 intelligimus.

467 1806 594 1852 Cum
628 1806 860 1851 Beroaldo
892 1807 1143 1860 legendum
1176 1822 1279 1852 esse
1311 1808 1480 1852 ulnis
1523 1823 1619 1852 non
1652 1823 1911 1860 monerem,
1943 1808 2031 1853 nisi
2063 1807 2186 1853 Phil-

466 1903 677 1947 limorius
709 1901 986 1955 sprevisset!

464 2092 646 2138 Versus
678 2092 719 2137 9.
756 2092 810 2138 10
842 2101 888 2137 et
922 2093 990 2137 ll.
1026 2092 1080 2137 12
1110 2092 1232 2138 inter
1259 2108 1310 2138 se
1339 2094 1713 2147 transponendos
1741 2109 1844 2139 esse
1872 2094 2052 2147 primus
2068 2093 2186 2138 vidit

465 2188 822 2242 Hertzbergius‚
866 2188 941 2233 cui
986 2189 1087 2233 iure
1125 2204 1211 2234 suo
1257 2189 1520 2242 adstipulati
1567 2198 1674 2234 sunt
1707 2189 1946 2234 Baehrens
1977 2197 2023 2234 et
2055 2188 2183 2233 Otto.

465 2284 561 2328 Hic
593 2284 658 2329 sic
691 2284 876 2329 scribit:
916 2283 1010 2336 „Es
1042 2287 1169 2329 ware
1201 2284 1572 2336 unverzeihlich,
1604 2299 1744 2329 wenn
1765 2284 1978 2337 Properz
1993 2284 2184 2329 Aurora

463 2380 587 2423 noch
631 2379 678 2423 in
724 2380 816 2423 den
860 2379 1045 2423 Armen
1087 2379 1212 2423 ihres
1256 2378 1488 2424 Tithonus
1520 2380 1672 2424 ruhen
1704 2380 1802 2424 und
1834 2387 1928 2424 erst
1959 2380 2052 2424 den
2084 2378 2184 2431 Tag

461 2475 740 2519 erscheinen
784 2475 935 2519 lassen
980 2474 1152 2526 wollte,
1197 2475 1429 2519 nachdem
1463 2474 1540 2519 die
1573 2473 1737 2519 Gottin
1770 2475 1916 2520 schon
1948 2475 2182 2519 schmerz-

460 2569 615 2614 lichen
648 2569 891 2614 Abschied
923 2577 1219 2622 genommm,
1252 2585 1332 2614 um
1364 2570 1442 2614 die
1475 2570 1624 2614 Rosse
1655 2570 2022 2614 anzuschirren”

462 2664 687 2709 Attamen
719 2665 836 2709 haec
868 2663 1134 2708 emendatio
1166 2664 1403 2717 spernitur
1433 2679 1460 2709 a
1491 2664 1710 2709 Vahleno
1745 2664 2039 2709 Rothsteinio
2058 2664 2180 2709 Phil-

461 2760 645 2805 limorio
658 2759 669 2804 !

460 2950 570 2995 Hoc
608 2964 749 2994 versu
788 2949 965 3002 recipio
1002 2958 1185 2994 acutam
1217 2949 1535 2995 coniecturam
1568 2949 1657 2994 viri
1689 2949 1814 2994 docti
1848 2949 1913 2994 H.
1948 2949 2178 2994 Richards

455 3042 587 3103 (CR.
645 3043 700 3089 13
748 3059 792 3097 p.
843 3041 940 3101 16.)
991 3044 1072 3096 qui
1126 3059 1213 3097 pro
1262 3059 1442 3096 quam
1496 3044 1673 3096 prius
1725 3044 1944 3097 proponit
1995 3059 2176 3096 quom

455 3138 508 3197 (c
522 3155 553 3184 u
567 3137 642 3198 m)
674 3154 742 3191 pr
756 3139 770 3183 i
784 3155 815 3184 u
830 3154 851 3183 s
869 3171 880 3182 .
899 3172 909 3183 .
929 3171 939 3182 .
959 3172 969 3182 .
1002 3139 1130 3183 lavi
1148 3147 1165 3183 t
1196 3136 1339 3196 (after
1364 3139 1461 3184 first
1488 3136 1717 3196 bathing).
1746 3138 1882 3183 Haec
1908 3138 2177 3183 coniectura

456 3234 777 3279 commendari
795 3234 983 3279 videtur
999 3234 1231 3279 vocabulo
1263 3249 1321 3278 se
1334 3235 1434 3278 dul
1448 3248 1488 3278 a.
1522 3233 1780 3286 Postgatius
1797 3247 1988 3285 quoque
2010 3247 2173 3285 quam

458 3329 637 3381 prius
668 3328 888 3374 vitiosum
927 3329 1070 3381 ducit,
1102 3329 1185 3373 sed
1217 3328 1318 3373 eius
1349 3328 1619 3373 coniectura
1655 3342 1766 3372 nec
1804 3326 1995 3380 prius,
2032 3341 2173 3379 quam

454 3424 502 3469 in
534 3433 664 3469 textu
695 3424 864 3476 posuit,
898 3423 1053 3469 minus
1085 3422 1351 3469 verisimilis
1383 3438 1525 3475 quam
1558 3422 1822 3468 Richardsii
1854 3422 2114 3467 inventum.
