2566 3886
1181 245 1446 291 —322—

385 373 457 418 31.
474 372 546 419 32.
580 373 691 419 Hoc
722 374 955 419 distichon
987 374 1054 420 sic
1086 375 1384 429 interpungo:

637 468 684 514 Si
716 469 798 514 tibi
829 470 951 514 forte
983 485 1141 515 comas
1172 472 1431 524 vexaverit,
1463 473 1586 518 utilis
1618 473 1713 518 ira:

718 566 968 618 postmodo
1000 575 1205 611 mercata
1235 582 1351 619 pace
1382 569 1671 620 premendus
1703 569 1803 614 erit.

381 729 453 774 33.
484 730 557 775 fac
590 730 780 776 simules
811 746 955 784 puros
989 732 1125 776 Isidis
1157 747 1260 777 esse
1291 732 1406 777 dies.

366 2323 436 2368 35.

361 3051 432 3097 38.

514 824 641 870 Cum
675 825 722 870 D
754 841 945 872 versum
978 827 1044 872 sic
1076 827 1294 872 exhibeat

629 921 700 965 iac
732 936 875 974 puros
911 955 1020 966 ......
1055 922 1221 967 sideris
1253 937 1356 967 esse
1388 923 1489 967 dies

511 1016 597 1061 FL
644 1017 908 1062 simules
954 1017 1182 1069 omittant,
1230 1017 1544 1062 Baehrensius
1591 1018 1638 1062 in
1682 1019 1938 1071 archetypo
1966 1019 2230 1065 simules

510 1112 720 1156 Isidis
751 1112 799 1157 in
832 1112 1086 1157 sideris
1117 1112 1368 1157 conflatum
1400 1127 1503 1157 esse
1534 1113 1747 1166 credens,
1780 1129 1875 1158 non
1907 1129 2015 1159 cum
2048 1114 2098 1159 N

596 1207 671 1252 fac
688 1207 879 1252 simules
891 1205 940 1264 (s
954 1207 969 1251 i
983 1222 1030 1251 m
1044 1207 1058 1251 i
1073 1207 1087 1251 l
1101 1222 1128 1251 e
1142 1222 1163 1251 s
1182 1206 1232 1251 N
1250 1206 1298 1251 in
1316 1204 1502 1265 rasura)
1519 1223 1662 1260 puros
1679 1209 1816 1253 Isidis
1832 1206 1925 1267 (sic
1943 1209 2226 1263 Beroaldus;

1617 1303 1852 1349 sideris
1884 1301 1962 1362 N)
1993 1319 2097 1350 esse
2125 1305 2227 1350 dies

508 1398 759 1451 legendum
790 1413 894 1442 esse
926 1406 1100 1449 censet,
1133 1398 1216 1441 sed

626 1492 697 1536 iac
729 1506 873 1544 puros
905 1491 1096 1536 simules
1128 1491 1264 1536 Isidis
1295 1507 1399 1536 esse
1430 1492 1545 1537 dies.

508 1586 796 1631 Baehrensio
838 1586 1014 1631 assensi
1061 1595 1168 1630 sunt
1218 1585 1436 1638 Solbisky
1482 1585 1554 1644 (p.
1605 1586 1716 1646 158)
1764 1596 1811 1633 et
1856 1588 2116 1642 Postgatius
2147 1586 2223 1647 (in

509 1682 619 1727 edit.
653 1679 811 1739 1894.)

503 1776 535 1822 S
551 1777 566 1821 i
585 1777 656 1822 de
672 1777 765 1821 ris
812 1785 968 1821 tamen
1015 1777 1329 1830 corruptelam
1373 1776 1440 1821 sic
1471 1792 1661 1830 quoque
1693 1777 1927 1830 explicare
1958 1792 2221 1830 possumus,

502 1881 554 1917 ut
583 1872 631 1916 in
663 1886 867 1925 puros
898 1871 1100 1916 isidis
1132 1871 1341 1916 ultimam
1373 1871 1554 1916 literam
1584 1872 1714 1916 vocis
1745 1887 1948 1924 puros
1979 1887 2065 1925 per
2088 1872 2221 1918 ditto-

501 1967 740 2021 graphiam
773 1967 844 2011 bis
876 1967 1095 2019 scriptam
1127 1981 1229 2011 esse
1260 1975 1493 2019 putemus.

502 2062 617 2107 Non
648 2071 718 2107 est
748 2062 898 2115 igitur,
931 2077 1017 2106 cur
1048 2061 1363 2114 Neapolitano
1395 2061 1621 2112 hocloco,
1639 2075 1923 2114 quamquam
1957 2060 2220 2105 similes

501 2158 548 2202 in
581 2172 743 2202 rasura
773 2157 953 2210 legitur,
985 2155 1262 2201 diffidamus.

501 2323 684 2377 Ingerat
715 2323 907 2375 Apriles
940 2322 1038 2367 Iole
1070 2321 1167 2372 tibi,
1200 2321 1363 2365 tundat
1394 2319 1599 2373 Amycle

573 2418 775 2463 natalem
809 2416 934 2461 Mais
966 2416 1129 2461 Idibus
1161 2430 1264 2460 esse
1295 2425 1443 2460 tuum.

498 2513 625 2557 tibi
669 2513 907 2558 tundat
954 2511 1031 2563 N;
1078 2511 1206 2555 tibi
1253 2511 1491 2555 tondat
1528 2509 1693 2562 LDV;
1738 2509 2116 2554 circumdat
2160 2509 2215 2554 F.

499 2607 812 2652 Baehrensius
843 2622 903 2651 ex
933 2606 1134 2651 lectione
1166 2605 1207 2650 F
1239 2605 1540 2658 proficiscens
1577 2619 1603 2648 c
1619 2619 1648 2648 o
1666 2619 1696 2648 n
1715 2612 1732 2647 t
1747 2618 1774 2648 e
1791 2619 1821 2648 n
1839 2604 1870 2648 d
1887 2619 1914 2648 a
1929 2612 1947 2648 t
1979 2603 2125 2649 edidit
2155 2618 2217 2649 ex

495 2702 766 2747 coniectura
813 2700 1014 2745 Heinsii.
1064 2699 1156 2745 Sed
1203 2700 1355 2744 tund
1373 2707 1429 2743 at
1473 2713 1604 2743 suam
1651 2698 2009 2751 explicationem
2048 2698 2214 2751 habet3

495 2806 623 2842 recte
654 2796 780 2841 enim
813 2796 1101 2840 Passeratius
1132 2795 1239 2839 citat
1271 2795 1511 2839 Donatum
1543 2795 1602 2839 ad
1635 2793 1744 2838 Ter.
1777 2794 1879 2838 hec.
1915 2793 2023 2838 123:

613 2892 814 2937 tundere
846 2899 916 2936 est
946 2891 1131 2944 saepius
1161 2890 1288 2934 idem
1320 2897 1548 2942 repetere.

495 3051 703 3105 Supplex
734 3051 810 3096 ille
842 3051 987 3102 sedet,
1019 3050 1168 3102 posita
1198 3058 1248 3095 tu
1279 3049 1432 3094 scribe
1463 3048 1684 3093 cathedra

568 3146 811 3199 quidlibet.

492 3239 842 3294 quidlibet
879 3238 975 3292 Nf;
1014 3238 1316 3292 quilibet
1354 3236 1399 3282 O

493 3334 807 3380 Baehrensius
843 3349 871 3379 a
907 3334 1107 3379 lectione
1152 3332 1197 3378 O
1230 3332 1467 3385 profectus
1510 3346 1541 3383 q
1558 3346 1589 3375 u
1606 3345 1635 3375 o
1653 3330 1698 3375 il
1716 3330 1779 3374 ib
1795 3339 1856 3375 et
1899 3329 2093 3382 scripsit.
2124 3329 2208 3374 sed

492 3430 569 3474 hic
621 3444 813 3482 quoque
866 3428 917 3473 N
970 3443 1138 3473 verum
1189 3426 1407 3479 praeben
1451 3425 1606 3477 lepide
1653 3434 1790 3478 poeta
1831 3439 1974 3469 anum
2005 3423 2207 3476 puellam
