2566 3886
1132 244 1367 290 -45-

460 381 634 427 Cetera
664 381 789 434 apud
821 380 974 433 ipsum
1022 377 1389 431 Hertzbergium
1435 378 1626 430 relegas.
1674 373 1811 433 (tom.
1859 375 1946 426 111,
1990 390 2035 427 p.
2079 371 2177 432 50).

460 475 688 521 Ceterum
705 491 801 520 non
818 475 1035 528 intelligo,
1052 489 1137 519 cur
1152 473 1244 518 dici
1261 481 1482 525 nequeat:
1515 488 1546 516 u
1563 487 1594 516 n
1611 488 1642 516 u
1659 487 1706 516 m
1739 480 1757 515 t
1770 487 1798 516 a
1813 486 1845 515 n
1862 480 1879 516 t
1898 487 1929 516 u
1943 486 1990 515 m
2021 472 2052 515 d
2066 471 2120 515 ie
2131 486 2177 516 m

461 571 696 617 amasti
751 580 813 616 et
862 585 989 615 uno
1029 570 1150 614 hoc
1191 568 1298 613 die
1338 582 1563 613 omnes
1599 574 1896 611 amantes
1942 565 2179 611 vicisti.

462 668 611 713 Recte
662 667 803 712 vertit
852 664 1192 711 Phillimorius:
1247 679 1304 715 „a
1354 663 1499 716 single
1552 662 1644 714 day
1695 663 1778 707 has
1826 661 2054 706 achieved
2101 662 2181 707 the

462 763 770 816 outstripping
799 762 855 807 of
878 761 938 806 all
968 758 1179 805 lovers”!

462 969 551 999 nec
582 953 769 1004 mirum,
800 967 909 997 cum
941 951 998 996 sit
1030 951 1146 995 Iove
1178 949 1316 1002 digna
1346 957 1394 993 et
1423 947 1638 1001 proxima
1670 947 1844 992 Ledae.

465 1048 717 1093 Heinsius:
769 1062 907 1091 cum
960 1046 1047 1090 sit
1101 1045 1257 1089 Iove
1310 1044 1564 1097 dignae
1611 1043 1913 1095 proxima
1960 1043 2182 1087 Ledae

464 1152 656 1197 propter
701 1157 891 1187 versum
956 1140 1043 1186 32:
1096 1140 1218 1184 illa
1262 1139 1403 1184 suis
1449 1139 1685 1183 verbis
1731 1146 1921 1191 cogat
1967 1152 2181 1182 amare

466 1239 690 1290 Iovem,
746 1238 874 1290 quod
920 1236 1153 1288 recipiunt
1199 1235 1532 1279 Lachmannus
1577 1234 1823 1278 Vahlenus
1870 1231 2183 1278 Baehrensius

467 1334 743 1379 Muellerus.
791 1332 970 1377 Nostro
1015 1340 1171 1376 autem
1218 1345 1361 1375 versu
1401 1338 1539 1382 poeta
1575 1338 1732 1374 narrat
1762 1329 1965 1380 puellam
1997 1327 2183 1381 dignam

466 1444 582 1481 esse,
614 1443 754 1481 quam
787 1427 997 1480 Iuppiter
1027 1435 1174 1479 amen
1206 1441 1347 1471 versu
1380 1424 1437 1470 32
1468 1425 1580 1469 dicit
1610 1425 1814 1477 puellam
1842 1423 1995 1476 ipsum
2019 1423 2183 1468 Iovem

467 1539 606 1569 urere
637 1538 797 1576 posse;
829 1522 1058 1568 sententia
1088 1522 1226 1576 igitur
1256 1522 1444 1567 diversa
1474 1530 1557 1566 est.

469 1620 771 1672 Quapropter
801 1633 896 1663 non
928 1627 998 1663 est
1028 1633 1114 1663 cur
1143 1626 1379 1662 mutemus
1410 1617 1659 1661 lectionem
1691 1615 1924 1660 codicum.

1052 2020 1306 2066 ELEGIA
1336 2019 1408 2065 XI
1416 2019 1474 2064 V.

400 2224 411 2235 .
472 2189 548 2235 Tu
579 2189 686 2234 licet
716 2188 924 2233 abiectus
955 2186 1181 2232 Tiberina
1212 2186 1415 2231 molliter
1445 2186 1573 2230 unda

475 2283 747 2329 Marklandi
764 2283 1081 2328 coniecturam
1113 2282 1243 2326 ulva
1273 2296 1359 2334 pro
1390 2281 1536 2325 unda
1556 2287 1684 2324 recte
1701 2279 1878 2331 spernit
1890 2278 2189 2324 Burmannus

473 2387 580 2432 apte
611 2393 888 2431 comparans
920 2378 957 2430 1,
991 2376 1033 2422 3.
1064 2377 1113 2422 6:

627 2473 792 2525 Qualis
823 2473 872 2518 in
902 2472 1107 2518 herboso
1138 2471 1342 2517 concidit
1373 2470 1610 2524 Apidano.

408 2697 419 2708 .
480 2673 527 2709 et
558 2678 726 2709 nemus
756 2678 898 2709 omne
929 2671 1049 2708 satas
1081 2662 1292 2707 intendat
1323 2661 1502 2706 vertice
1533 2660 1688 2712 silvas,

630 2767 820 2812 urgetur
849 2759 1034 2811 quantis
1066 2757 1308 2803 Caucasus
1339 2756 1601 2802 arboribus.

481 2854 774 2899 Hexameter
803 2853 1072 2906 saepissime
1103 2868 1131 2898 a
1161 2852 1275 2897 viris
1306 2853 1455 2898 doctis
1486 2860 1688 2897 tentatus
1720 2859 1804 2896 est.

484 2949 835 2993 Lachmannus:
873 2956 919 2992 et
951 2962 1118 2992 nemus
1156 2948 1319 2992 unde
1356 2947 1569 2998 coniecit,
1601 2947 1730 2999 quod
1763 2946 1818 2990 L.
1852 2945 2116 2990 Muellerus
2148 2952 2194 2988 et

483 3043 795 3088 Baehrensius
840 3051 1096 3087 assumunt.
1135 3041 1185 3087 N
1199 3057 1227 3087 e
1241 3057 1288 3086 m
1302 3058 1334 3086 u
1348 3056 1370 3086 s
1406 3057 1436 3087 o
1449 3057 1496 3086 m
1511 3057 1542 3086 n
1556 3056 1597 3093 e,
1629 3042 1758 3093 quod
1789 3040 1928 3085 etiam
1959 3039 2103 3092 verg.
2134 3039 2192 3083 el.

483 3137 526 3190 6,
560 3138 638 3191 11;
670 3138 712 3190 7,
744 3137 825 3190 59;
858 3137 1032 3190 Georg.
1063 3137 1106 3188 2,
1138 3136 1251 3189 4293
1282 3136 1408 3181 Aen.
1443 3135 1512 3187 12,
1530 3135 1616 3180 722
1632 3135 1768 3186 redit,
1788 3149 1884 3179 non
1904 3133 2045 3178 habet
2063 3134 2193 3186 quod

484 3232 711 3284 offendat3
751 3241 940 3277 totum
987 3246 1193 3276 nemus
1232 3245 1559 3281 amoenum,
1600 3230 1758 3282 quod
1800 3237 1888 3273 est
1928 3229 1996 3273 ad
2036 3243 2195 3282 prae-

486 3326 645 3371 dium
682 3335 700 3370 t
714 3342 745 3370 u
759 3342 791 3371 u
804 3342 852 3370 m
890 3326 1220 3378 interpretatur
1251 3325 1511 3378 Frigellius.

487 3419 661 3466 Totum
708 3434 900 3465 versum
952 3420 1018 3464 sic
1069 3420 1374 3472 interpretor:
1430 3427 1488 3463 et
1533 3419 1688 3463 licet
1740 3426 1935 3462 totum
1982 3431 2196 3461 nemus
