2566 3886
1126 255 1301 301 -247
1334 282 1394 290 -

543 390 609 435 sic
640 389 854 441 redeunt,
886 388 988 433 illos
1019 387 1100 441 qui
1131 387 1322 441 tetigere
1352 388 1494 433 locos.

338 573 406 619 18.
468 573 563 619 Pro
593 582 760 625 tuae,
791 573 919 627 quod
951 581 1021 617 est
1051 571 1100 616 in
1132 571 1194 624 Ο,
1226 586 1335 616 cum
1369 571 1494 616 Italis
1525 571 1776 624 legendum
1808 578 1878 614 est
1909 583 1931 614 s
1950 583 2078 614 uae.

335 756 407 802 25.
469 756 637 803 Castra
666 757 831 802 decem
862 771 1093 801 annorum
1125 764 1172 800 et
1202 754 1438 800 Ciconum
1470 769 1620 807 mons,
1652 754 1843 806 Ismara,
1857 752 2007 806 Calpe

471 852 739 905 Quominus
766 853 883 897 haec
910 851 1047 896 lectio
1073 850 1253 902 tradita,
1279 865 1420 903 quam
1444 849 1766 894 Rothsteinius
1787 849 1923 894 allato
1946 847 2185 893 Strabonis

468 948 573 992 loco
615 947 820 1000 quodam
864 943 913 1004 (Ι
954 961 1000 999 p.
1044 943 1128 1003 25)
1164 953 1335 996 tuetur,
1367 959 1479 989 sana
1509 944 1749 996 habeatur,
1781 943 1966 988 obstare
1997 943 2186 989 videtur

468 1042 673 1095 primum
714 1042 842 1095 quod
882 1040 1155 1094 Propertius
1185 1048 1366 1084 ceteros
1397 1054 1563 1084 omnes
1595 1038 1751 1084 Ulixis
1782 1053 1916 1084 casus
1947 1039 2102 1092 aliqua
2132 1054 2184 1083 re

468 1137 625 1182 addita
670 1136 878 1188 illustrat,
922 1135 967 1181 C
983 1136 1182 1189 alpam
1225 1143 1381 1179 autem
1425 1133 1756 1179 obscurissime
1788 1133 2002 1178 intericit.
2034 1133 2184 1186 Atqui

467 1232 504 1277 si
537 1231 715 1285 Calpae
748 1231 1035 1276 mentionem
1067 1230 1224 1275 facere
1255 1229 1493 1281 voluisset,
1526 1230 1586 1274 de
1617 1230 1708 1274 hoc
1740 1229 1845 1274 loco
1875 1238 1969 1274 tam
2002 1238 2184 1274 remoto

467 1341 564 1380 quo
595 1326 763 1372 Ulixes
793 1326 895 1370 tatis
925 1334 1055 1370 actus
1088 1333 1171 1377 est,
1202 1324 1378 1379 aliquid
1410 1324 1679 1376 addidisset,
1711 1333 1762 1369 ut
1792 1325 1914 1369 hanc
1952 1338 2181 1369 moram

467 1421 603 1467 nobis
644 1421 768 1466 clare
810 1429 918 1465 ante
961 1420 1123 1465 oculos
1165 1427 1377 1472 poneret.
1422 1419 1612 1464 Deinde
1656 1420 1802 1464 multo
1846 1419 1948 1464 veri
1989 1419 2184 1464 similius

466 1516 655 1562 videtur
682 1515 980 1569 Propertium
1009 1514 1233 1568 attingere
1261 1529 1317 1559 ea
1344 1529 1466 1567 quae
1491 1514 1687 1567 legimus
1714 1513 1761 1558 in
1787 1512 2017 1567 Odyssea,
2041 1529 2182 1567 quam

466 1612 675 1657 hausisse
705 1626 765 1656 ex
795 1609 1003 1655 carmine
1035 1610 1205 1663 ignoto.
1238 1610 1382 1661 Quod
1414 1608 1623 1662 Calypso
1648 1608 1858 1654 Aeaeam
1887 1617 2038 1661 vocat,
2067 1608 2183 1654 nihil

467 1715 630 1752 contra
651 1721 727 1751 me
743 1706 1045 1751 demonstrat.
1062 1703 1189 1750 Talis
1206 1704 1461 1750 memoriae
1477 1705 1633 1757 lapsus
1650 1704 1788 1749 valde
1804 1703 2082 1749 excusabilis
2099 1712 2181 1748 est.

468 1802 632 1847 Lectio
683 1800 881 1853 Calpe
928 1815 1005 1844 me
1036 1800 1190 1845 iudice
1222 1800 1347 1845 docti
1378 1800 1573 1845 alicuius
1603 1799 1778 1844 librarii
1810 1808 1893 1852 est,
1925 1799 2006 1852 qui
2038 1800 2182 1844 modo

467 1911 586 1951 opus
629 1897 801 1950 legerat
842 1895 1215 1950 geographicum.
1260 1895 1441 1941 Vitium
1486 1896 1673 1948 tollitur,
1717 1895 1755 1940 si
1787 1910 1896 1941 cum
1930 1895 1970 1939 F
1972 1895 2180 1940 onteinio

473 2000 646 2046 capta
690 1990 951 2037 scribimus.
1000 1990 1160 2035 Restat
1206 1991 1348 2035 altera
1393 1991 1604 2043 quaestio
1650 1989 1893 2042 difficilior,
1934 1990 2049 2042 quid
2093 2005 2180 2043 pro

467 2087 699 2132 vocabulo
731 2101 901 2132 mons
932 2086 1181 2139 legendum
1213 2085 1283 2130 sit.
1317 2085 1553 2131 Fonteinii
1584 2086 1854 2131 coniectura
1890 2100 2104 2131 manus
2135 2094 2180 2130 et

468 2182 523 2226 L.
556 2182 779 2228 Muelleri
811 2181 1039 2227 correctio
1072 2181 1241 2226 Mars
1272 2181 1427 2226 minus
1459 2182 1656 2234 placent.
1691 2181 1962 2227 Baehrensii
2000 2181 2180 2226 coniec-

468 2286 571 2322 tura
616 2277 750 2322 dom
765 2292 830 2322 us
876 2292 1066 2322 versum
1113 2277 1370 2330 longiorem
1417 2277 1584 2322 reddit.
1624 2277 1755 2328 Quas
1786 2277 1848 2322 ob
1881 2291 2043 2322 causas
2074 2291 2183 2321 cum

468 2372 750 2426 Rossbergio
780 2369 925 2429 (Luc.
975 2372 1114 2424 Prop.
1146 2387 1191 2425 p.
1224 2370 1323 2430 34.)
1354 2373 1678 2417 hexametrum
1711 2372 1773 2417 ita
1804 2371 1984 2417 scribo:

616 2466 784 2512 Castra
810 2467 975 2511 decem
999 2481 1230 2512 annorum
1251 2476 1297 2512 et
1324 2466 1560 2512 Ciconum
1592 2481 1751 2518 mors,
1785 2467 1961 2511 Ismara
1993 2482 2098 2520 cap
2114 2475 2183 2519 ta,

466 2560 524 2604 cf.
573 2559 746 2612 Odyss.
783 2560 868 2613 IX,
901 2561 984 2605 40:
1022 2560 1144 2604 ἔνθα
1175 2561 1311 2619 wydo
1343 2560 1483 2605 πόλιν
1513 2561 1743 2619 ἔπραθον,
1775 2559 1930 2605 ὤλεσα
1971 2561 2186 2612 ὅάὐτούς

468 2655 766 2700 Pentameter
787 2655 835 2700 in
858 2656 1088 2709 integrum
1112 2656 1368 2701 restituitur
1393 2656 1665 2701 Marklandi
1689 2657 2018 2701 emendatione
2041 2666 2138 2701 tru
2153 2673 2183 2701 x

465 2765 551 2802 pro
590 2765 739 2802 mox,
786 2765 907 2804 quae
939 2759 984 2795 et
1014 2766 1041 2795 a
1072 2751 1278 2804 Wittigio
1309 2749 1453 2808 (Krit.
1487 2751 1617 2796 Bem.
1650 2767 1692 2795 z.
1727 2752 1865 2804 Prop.
1898 2768 1942 2805 p.
1961 2750 2015 2809 7)
2047 2761 2093 2796 et
2123 2752 2182 2797 ab

470 2843 734 2888 Hartmano
766 2859 879 2889 vera
908 2846 1121 2890 habetur.

1037 3197 1291 3244 ELEGIA
1321 3199 1458 3243 XIII.

362 3324 403 3368 2.
465 3333 511 3369 et
541 3324 782 3370 Venerem
815 3326 1066 3371 exhaustae
1098 3328 1269 3373 damna
1299 3336 1556 3380 querantur
1586 3343 1700 3381 opes

466 3418 540 3465 Sic
592 3434 700 3465 cum
753 3420 992 3468 codicibus
1044 3419 1370 3481 (Neapolitani
1422 3424 1535 3470 vitio
1580 3439 1607 3468 e
1619 3440 1650 3470 x
1664 3425 1695 3468 h
1709 3439 1736 3468 a
1749 3440 1779 3471 u
1792 3439 1813 3469 s
1830 3432 1889 3470 to
1935 3423 2175 3485 correcto)
