2566 3886
354 386 423 432 15.

1145 253 1411 299 -208-

486 387 644 438 Quam
691 386 753 430 ob
799 400 900 430 rem
948 393 1052 436 est,
1099 399 1186 437 pro
1232 398 1328 437 quo
1363 384 1464 429 Itali
1496 399 1559 429 es
1590 386 1761 438 legunt,
1793 387 2092 433 retinendum
2124 389 2195 442 sit,

483 483 621 527 docet
653 481 904 526 Brandtius
934 478 1155 535 (Quaest.
1187 479 1328 532 Prop.
1361 494 1406 532 p.
1438 477 1536 538 26).

348 671 494 717 2324.
526 681 606 717 aut
635 671 723 716 illis
755 671 941 715 flamma
971 678 1050 715 aut
1081 669 1233 714 imber
1265 669 1484 714 subducit
1515 670 1732 723 honores,

584 781 817 812 annorum
848 774 928 810 aut
958 765 1052 810 ictu
1083 765 1295 818 pondere
1326 763 1450 809 victa
1480 774 1631 810 ruent.

477 863 571 908 ictu
604 862 725 915 NF;
758 862 876 907 ictus
908 861 1074 912 DVL;
1107 861 1318 913 pondere
1350 859 1571 913 NDVL;
1603 862 1813 914 pondera
1844 861 1899 906 F.

481 958 781 1004 Burmannus
812 965 858 1002 et
891 956 1134 1001 Palmerus
1166 955 1232 1000 sic
1263 955 1599 1009 interpungunt
1628 964 2001 1009 pentametrum:

596 1068 829 1098 annorum
862 1060 941 1096 aut
971 1052 1080 1104 ictu,
1113 1052 1324 1104 pondere
1354 1051 1490 1103 victa,
1522 1061 1674 1104 ruent,

477 1149 606 1202 quod
638 1157 794 1193 tamen
818 1147 1012 1192 minime
1029 1147 1179 1199 placet
1195 1155 1387 1200 propter
1402 1147 1605 1192 duorum
1623 1147 1877 1195 ablativum
1894 1163 2190 1203 concursum,

478 1252 820 1297 praetereapro
847 1257 1148 1287 annorum
1175 1242 1326 1287 ictu:
1357 1257 1663 1287 annorum
1692 1242 1930 1288 ictibus
1956 1253 2191 1298 exspecta-

473 1354 592 1392 mus,
624 1346 911 1392 quapropter
942 1337 1220 1382 Fonteinius
1252 1345 1298 1382 et
1329 1336 1575 1382 Santenius
1607 1337 1934 1383 coniecerunt:

598 1448 830 1478 annorum
863 1442 941 1478 aut
973 1433 1075 1485 ipso
1106 1434 1319 1486 pondere
1350 1433 1474 1478 victa
1503 1442 1654 1478 ruent.

474 1530 566 1576 Sed
598 1529 880 1575 coniecturis
911 1544 1006 1573 non
1039 1543 1158 1581 opus
1190 1536 1284 1580 est;
1316 1528 1481 1580 quidni
1513 1528 1760 1574 scribimus
1791 1545 1899 1575 cum
1931 1531 2056 1576 DV:

589 1640 822 1670 annorum
854 1632 933 1668 aut
964 1623 1081 1668 ictus
1112 1624 1324 1675 pondere
1355 1622 1479 1668 victa
1508 1633 1660 1668 ruent.

473 1720 674 1766 Librarii
722 1735 818 1765 non
865 1719 1195 1764 intellexerunt
1237 1718 1438 1763 verbum
1486 1719 1655 1763 ruendi
1701 1719 1778 1764 hic
1824 1720 2064 1766 transitive
2110 1722 2186 1766 ad-

469 1816 669 1862 hibitum
700 1831 816 1861 esse.

467 1911 627 1957 Versu
674 1909 731 1955 23
778 1926 864 1964 pro
912 1909 1066 1955 subd
1083 1909 1211 1954 ucit
1256 1909 1467 1954 futurum
1514 1923 1617 1954 esse
1663 1908 2019 1962 restituendum,
2056 1911 2184 1964 quod

467 2021 632 2052 omnes
680 2006 868 2051 codices
905 2013 1092 2058 praeter
1127 2004 1494 2057 Neapolitanum
1525 2004 1763 2057 exhibent,
1795 2019 1891 2049 non
1923 2020 2183 2059 monerem,

469 2102 557 2147 nisi
590 2101 910 2146 Phillimorius
942 2125 997 2131 -—
1030 2100 1243 2145 mirabile
1274 2099 1402 2144 dictu
1434 2124 1492 2131 —
1523 2115 1544 2145 s
1561 2115 1592 2145 u
1610 2099 1731 2144 bdu
1748 2099 1833 2144 cit
1864 2108 2108 2146 servasset.

1065 2441 1320 2487 ELEGIA
1351 2441 1438 2486 111.

391 2609 402 2621 .
466 2575 643 2620 Iniuria
676 2574 731 2619 L.
765 2573 1030 2618 Muellerus
1061 2587 1148 2624 pro
1194 2585 1546 2625 parvaque:
1590 2586 1924 2625 pronaque
1955 2573 2176 2627 coniecit;

465 2669 702 2723 aptissime
749 2668 875 2713 enim
921 2676 1087 2720 poetae
1127 2666 1317 2720 elegiaci
1350 2681 1542 2719 parva
1571 2681 1655 2711 ora
1684 2676 1860 2720 magn
1877 2667 1926 2712 is
1957 2669 2176 2714 carminis

465 2765 644 2810 heroici
674 2763 882 2808 fontibus
913 2770 1230 2815 opponuntur,
1263 2762 1320 2806 cf.
1354 2761 1415 2814 ΙΙ,
1450 2761 1519 2806 10.
1554 2761 1633 2806 11:

580 2868 717 2912 surge
747 2858 903 2903 anima
933 2873 993 2902 ex
1024 2856 1190 2902 humili
1221 2856 1313 2901 iam
1346 2856 1575 2901 carmine:
1594 2855 1762 2901 sumite
1783 2856 1922 2909 vires,
1939 2856 2172 2903 Pierides:

624 2953 822 3007 magni
854 2967 980 2997 nunc
1012 2952 1100 2997 erit
1134 2951 1265 2996 oris
1295 2966 1428 3004 opus,

459 3049 541 3095 ubi
572 3048 846 3102 Propertius
878 3047 1121 3092 heroicum
1153 3061 1343 3091 carmen
1376 3054 1642 3091 cantaturus
1673 3054 1756 3091 est.

459 3238 554 3283 Pro
603 3247 717 3282 tam
765 3236 998 3290 magnis
1035 3234 1251 3288 Guyetus
1282 3244 1329 3280 et
1361 3235 1589 3280 Heinsius
1620 3243 1748 3279 recte
1779 3234 1838 3279 ia
1853 3250 1900 3279 m
1932 3250 2020 3280 ma
2036 3235 2170 3288 gnis

461 3334 709 3384 dederunt,
718 3332 846 3385 quod
855 3339 1010 3376 tamen
1024 3346 1051 3376 a
1066 3330 1286 3376 Vahleno
1304 3329 1598 3374 Rothsteinio
1615 3329 1907 3374 Phillimorio
1921 3329 2168 3382 spernitur.

458 3426 551 3472 Sed
600 3426 871 3472 coniectura
911 3425 1024 3470 iam
1075 3434 1264 3478 recepta
1309 3432 1415 3477 apta
1459 3423 1652 3469 demum
1683 3423 1888 3469 nascitur
1917 3423 2167 3470 sententia:
