2566 3886
1162 251 1427 297 -176—

502 380 774 426 Accusandi
807 381 1008 427 verbum
1041 382 1133 427 iam
1165 383 1562 437 praesignificatur
1593 399 1712 430 voce
1743 400 1810 431 re
1827 401 1858 430 u
1875 401 1910 431 s.
1932 384 1973 444 1)

499 475 680 521 Versus
714 475 888 522 19—22
921 477 1001 523 ubi
1033 478 1240 530 ponendi
1273 479 1377 531 sint,
1409 488 1508 525 tum
1541 481 1733 525 demum
1765 481 1858 526 dici
1896 491 2060 535 potest,
2098 492 2218 536 post-

497 585 638 624 quam
670 571 927 625 statuimus,
959 573 1073 627 quid
1106 589 1247 619 versu
1282 573 1337 619 19
1368 575 1619 629 legendum
1651 575 1722 620 sit.
1754 575 1861 628 Ipsa
1895 576 2022 621 enim
2058 593 2217 623 manu-

496 666 667 719 scripta
697 668 788 712 hoc
819 683 960 713 versu
992 668 1040 713 in
1072 668 1260 714 diversa
1289 669 1477 715 abeunt.
1510 669 1851 724 Neapolitanus
1893 672 2010 717 haec
2052 673 2214 718 habet:

649 777 744 807 non
776 771 932 808 tamen
964 763 1199 810 immerito
1231 764 1456 818 Phrygias
1488 780 1615 810 nunc
1646 765 1715 810 ire
1747 781 1833 818 per
1862 767 2038 819 undas3

504 857 552 901 in
585 857 632 902 D
649 857 697 902 V
715 857 756 902 F
774 858 815 903 L
848 858 1074 912 legimus:

647 967 774 997 nunc
819 962 869 998 tu
915 954 1034 999 dura
1078 968 1214 1007 paras
1261 953 1487 1008 Phrygias
1524 971 1651 1001 nunc
1683 955 1752 1001 ire
1784 971 1869 1008 per
1901 957 2051 1002 undas

495 1048 624 1093 Inter
654 1049 858 1094 editores
907 1049 992 1095 soli
1042 1049 1363 1096 Rothsteinius
1410 1059 1456 1096 et
1502 1051 1821 1097 Phillimorius
1867 1051 1915 1096 in
1954 1052 2049 1097 suis
2086 1052 2215 1097 editi-

494 1143 664 1188 onibus
683 1144 983 1198 Neapolitani
1000 1146 1249 1191 lectionem
1282 1146 1485 1192 retinent
1516 1163 1707 1192 versum
1743 1146 1797 1192 19
1829 1147 1895 1192 sic
1927 1147 2214 1194 scribentes:

645 1255 740 1284 non
788 1249 944 1285 tamen
992 1240 1256 1286 immerito!
1297 1242 1523 1296 Phrygias
1555 1258 1682 1287 nunc
1713 1242 1782 1287 ire
1813 1258 1899 1296 per
1930 1243 2093 1288 undas.

493 1336 575 1380 sed
609 1336 762 1381 neutri
802 1337 1005 1390 contigit,
1034 1346 1084 1382 ut
1115 1352 1142 1382 e
1174 1337 1417 1382 vocabulis
1449 1353 1574 1382 non
1607 1347 1824 1383 tamen
1870 1338 2016 1383 imm
2036 1337 2215 1383 erito

492 1414 670 1475 bonum
688 1441 928 1477 excuteret
961 1447 1166 1477 sensum.
1201 1433 1328 1486 Lege
1360 1431 1487 1477 enim
1522 1433 1803 1478 Rothsteinii
1834 1432 2213 1478 adnotationem:

491 1527 604 1578 „mit
620 1528 870 1574 schroffem
887 1528 1172 1582 Uebergang
1187 1529 1327 1574 kehrt
1349 1530 1435 1574 der
1452 1529 1650 1574 Dichter
1671 1544 1783 1573 zum
1816 1527 2213 1581 Ausgangspunkt

490 1623 574 1667 des
589 1632 771 1676 ganzen
789 1622 1047 1669 Gedichtes
1062 1625 1246 1669 zuriick
1261 1641 1324 1669 zu
1340 1625 1427 1669 der
1442 1624 1675 1678 traurigen
1694 1624 1820 1678 Lage
1842 1624 1926 1669 des
1950 1623 2211 1675 Freundes,

490 1717 577 1761 der
593 1716 692 1761 sich
710 1717 889 1762 seinem
908 1718 1302 1763 Liebeskummer
1319 1719 1469 1763 durch
1486 1718 1778 1772 Entfemung
1804 1733 1887 1763 aus
1910 1718 1996 1763 der
2018 1717 2212 1763 Heimat

488 1811 739 1857 entziehen
777 1813 886 1857 will.
933 1812 1015 1857 An
1047 1813 1130 1858 das
1162 1813 1455 1859 Gesamtbild
1487 1814 1574 1858 der
1606 1813 1731 1867 Lage
1763 1813 1916 1858 dieses
1948 1812 2210 1864 Freundes,

487 1907 570 1951 das
587 1906 687 1951 sich
709 1922 793 1952 aus
816 1908 926 1953 dem
949 1907 1390 1962 Vorhergehenden
1413 1908 1603 1963 ergiebt,
1627 1908 1795 1961 knfipft
1825 1888 1863 1952 *n
1880 1923 1909 1953 o
1925 1923 1957 1952 n
1994 1916 2012 1952 t
2027 1922 2055 1952 a
2071 1922 2119 1952 m
2135 1922 2163 1952 e
2179 1922 2210 1951 n

487 2002 566 2046 im
584 2002 837 2055 merito,
870 2003 998 2048 nicht
1029 2019 1088 2048 an
1120 2003 1197 2048 ein
1229 2004 1469 2049 einzelnes
1500 2003 1680 2049 Wort.'’

487 2096 663 2151 Neque
695 2097 835 2151 magis
864 2099 1013 2150 placet
1029 2098 1304 2144 Phillimorii
1321 2098 1664 2151 interpretatio:
1682 2098 1813 2152 „Not
1828 2099 2025 2144 without
2039 2113 2206 2144 reason

485 2191 702 2246 though?
750 2191 926 2238 Travel
971 2194 1052 2238 the
1099 2194 1335 2248 Phrygian
1375 2209 1511 2239 wave
1543 2209 1667 2246 now,
1698 2194 1882 2239 would
1921 2209 2027 2246 you
2065 2194 2206 2238 have

486 2303 533 2332 m
547 2289 616 2340 e'’,
649 2303 855 2342 namque
886 2303 982 2333 non
1015 2304 1133 2343 opus
1180 2298 1251 2335 est
1296 2289 1455 2334 dicere
1493 2289 1764 2334 ultimorum
1796 2289 2067 2341 verborum,
2084 2303 2206 2343 quae

484 2382 642 2427 addita
687 2391 808 2435 sunt,
855 2392 906 2428 ut
944 2384 1111 2429 melior
1157 2385 1381 2429 evaderet
1427 2384 1670 2436 sententia,
1718 2384 1897 2428 nullum
1957 2383 2203 2437 vestigium

484 2477 571 2530 legi
604 2478 652 2522 in
685 2478 844 2535 verbis
876 2478 1069 2523 Latinis.

483 2572 576 2618 Sed
607 2574 801 2626 accedit,
833 2583 883 2619 ut
914 2575 1041 2619 unde
1073 2574 1292 2619 venerint
1324 2574 1472 2619 verba
1503 2573 1581 2618 illa
1597 2573 1728 2626 mira,
1752 2589 1860 2618 cum
1878 2573 2202 2626 probabilitate

483 2677 649 2722 magna
693 2669 852 2714 dicere
899 2669 1148 2722 possimus.
1182 2668 1470 2714 Observavit
1507 2668 1634 2714 enim
1667 2668 1904 2714 Lucianus
1937 2668 2201 2714 Muellerus

481 2761 697 2821 (praefat.
722 2764 796 2808 ed.
830 2779 871 2818 p.
904 2761 1028 2821 VII)
1061 2763 1363 2816 Neapolitani
1395 2763 1636 2808 librarium
1668 2763 1871 2816 pessime
1902 2764 2199 2809 recordatum

482 2858 569 2911 111,
603 2858 672 2910 19,
705 2858 785 2903 27:
819 2873 915 2904 non
946 2867 1103 2904 tamen
1136 2859 1371 2904 immerito
1403 2858 1567 2904 Minos
1598 2859 1730 2904 sedet
1760 2858 1934 2904 arbiter
1965 2857 2081 2904 Orci

480 2953 595 2998 illud
642 2969 762 2998 non
804 2962 1006 2998 tamen
1051 2953 1368 2999 immerito
1406 2954 1655 2999 invexisse.
1704 2953 1852 2999 Recte
1891 2953 2197 2999 Housmanus

479 3062 691 3102 quoque:
711 3049 820 3100 „the
835 3047 989 3093 scribe
1020 3063 1116 3093 saw
1147 3048 1309 3095 before
1331 3050 1429 3095 him
1463 3044 1524 3096 ἶιῖ
1553 3058 1602 3095 tu
1619 3047 1645 3107 (
1661 3063 1712 3085 τ
1729 3065 1855 3094 nunc
1871 3047 1948 3107 tu)
1963 3049 2120 3094 which
2135 3049 2196 3094 he

478 3142 681 3188 mistook
711 3144 783 3188 tor
828 3139 896 3187 no
926 3137 980 3187 εἰ
1010 3147 1092 3196 (=
1122 3158 1218 3188 non
1248 3147 1444 3196 tamen);
1476 3145 1555 3189 the
1586 3145 1722 3189 other
1752 3159 1889 3189 verse
1919 3159 2053 3189 came
2097 3144 2196 3189 into

394 3367 424 3413 ι)
473 3371 645 3405 Dubitari
670 3379 795 3406 temen
821 3379 955 3413 potest,
981 3383 1027 3406 an
1052 3383 1182 3407 vernus
1211 3372 1350 3406 13—-18
1375 3383 1458 3407 cum
1485 3372 1659 3408 Caruttio
1685 3380 1769 3414 pont
1792 3383 1941 3408 versum
1966 3373 2012 3407 24
2035 3374 2192 3413 ponendi

343 3442 417 3475 nint
431 3453 440 3482 ς
467 3443 520 3475 sic
554 3454 574 3476 ι
588 3453 608 3476 c
622 3453 642 3475 c
656 3454 679 3476 u
693 3454 711 3476 ι
724 3454 745 3476 a
758 3454 782 3476 n
795 3444 817 3476 d
833 3443 844 3476 i
869 3443 1024 3477 verbum
1050 3443 1232 3478 vocabulo
1264 3455 1284 3478 ο
1299 3455 1316 3478 ι·
1330 3444 1342 3478 i
1356 3455 1392 3477 m
1405 3454 1426 3477 e
1439 3456 1463 3477 n
1495 3444 1819 3486 praesignificatum
