2566 3886
332 883 404 929 20.

336 1679 407 1725 25.

341 2578 412 2624 35.

1122 243 1389 289 -348-

466 372 653 417 Ellisius
684 371 875 431 (Journ.
908 374 956 418 of
988 373 1106 418 Phil.
1139 373 1236 419 XV
1268 390 1312 427 p.
1345 372 1430 432 20)
1461 375 1704 428 proposuit
1735 390 1763 420 a
1793 375 2014 428 prisco,
2048 377 2178 430 quod

464 468 631 512 vertit:
664 469 803 520 „who
834 469 954 513 from
987 469 1066 513 the
1098 469 1333 523 plainness
1365 469 1420 513 of
1434 469 1507 514 his
1523 469 1850 515 oldfashioned
1867 470 2016 515 house
2029 470 2179 516 learnt

465 571 513 607 to
545 562 658 607 bear
688 564 768 607 the
799 564 906 608 cold
938 564 986 608 of
1016 564 1095 609 the
1127 564 1308 616 camp.’'
1341 563 1434 609 Sed
1456 579 1551 609 non
1569 565 1720 609 solum
1738 565 1895 610 Iacobi
1912 565 2182 611 coniectura

465 659 709 703 meliorem
741 673 931 703 sensum
963 659 1169 712 praebet,
1201 660 1285 704 sed
1318 660 1457 704 etiam
1482 659 1596 705 Ellis
1613 660 1922 713 proficiscitur
1937 675 1965 705 a
1980 660 2181 706 lectione

466 768 493 798 a
509 769 539 806 p
554 753 651 798 ric
667 769 711 805 ο,
743 769 864 807 quae
895 754 943 798 in
974 754 1026 799 fv
1058 754 1298 799 invenitur
1328 763 1374 799 et
1405 754 1505 807 ipsa
1524 755 1625 800 sine
1648 755 1794 800 dubio
1810 754 2081 800 coniectura
2096 763 2179 801 est.

467 883 780 929 Baehrensius
811 893 1025 929 annotat:
1058 900 1133 937 ‚‚v.
1166 884 1223 930 20
1254 893 1300 929 et
1331 884 1388 929 22
1405 885 1527 930 inter
1543 900 1593 930 se
1608 885 1943 938 transponendi
1960 885 2182 932 videntur

467 976 557 1036 (et
589 988 765 1024 mutato
796 979 845 1024 in
877 977 1071 1037 sed?)”

468 1073 702 1119 Ordinem
734 1075 954 1120 traditum
987 1075 1109 1120 bene
1126 1074 1335 1120 defendit
1352 1074 1466 1120 Otto
1482 1072 1684 1132 (Berlin.
1702 1075 1821 1120 Phil.
1838 1075 2181 1121 Wochenschr.

470 1168 585 1214 1885
630 1186 675 1223 p.
722 1167 850 1227 486.)
897 1170 1020 1222 „Die
1067 1169 1257 1214 Waffen
1309 1170 1393 1214 des
1448 1169 1693 1222 Romulus,
1747 1170 1911 1224 inquit,
1966 1172 2180 1224 glanzten

468 1264 597 1309 nicht
642 1280 737 1309 von
784 1265 1089 1318 eingelegtem
1137 1264 1308 1317 Golde,
1352 1266 1450 1310 und
1494 1266 1594 1310 sein
1627 1265 1944 1319 Schwertgurt
1974 1281 2074 1310 war
2103 1265 2181 1310 ein

468 1359 706 1404 einfacher
754 1361 970 1405 Riemen.
1019 1361 1210 1406 Ebenso
1256 1361 1377 1405 wird
1409 1376 1454 1405 v.
1490 1360 1545 1405 19
1576 1361 1727 1405 durch
1758 1360 1816 1405 20
1847 1364 2052 1414 erganzt.
2085 1360 2179 1405 Die

469 1455 623 1499 blosse
670 1455 833 1508 Kappe
878 1457 944 1500 als
992 1455 1396 1509 Kopfbedeckung
1440 1456 1575 1509 zeigt‚
1622 1457 1728 1501 dass
1776 1456 2008 1501 Romulus
2054 1456 2184 1501 nicht

469 1549 664 1603 Krieger
694 1565 789 1595 von
822 1551 1107 1603 Profession,
1138 1552 1344 1596 sondem
1376 1552 1554 1597 ebenso
1584 1560 1663 1605 gut
1696 1551 1975 1596 Landmann
2007 1551 2108 1596 ist”.

470 1680 640 1733 Miror,
687 1682 815 1734 quod
862 1681 1095 1734 Postgatio
1142 1679 1216 1739 (in
1263 1681 1372 1726 edit.
1422 1680 1563 1740 1894)
1603 1690 1649 1727 et
1681 1682 1946 1727 Hartmano
1977 1681 2185 1734 exceptis

469 1790 611 1820 nemo
658 1775 891 1821 editorum
939 1776 1251 1822 Passeratium
1298 1777 1370 1821 25.
1417 1777 1475 1822 26
1520 1786 1628 1822 ante
1674 1776 1731 1821 23
1762 1785 2018 1831 ponentem
2050 1776 2184 1831 sequi

469 1886 609 1916 ausus
658 1880 740 1917 est.
788 1872 952 1925 „Quis‚
999 1872 1150 1926 inquit
1197 1872 1554 1926 Hertzbergius,
1596 1872 1721 1918 bello
1751 1872 1943 1917 Veienti
1974 1872 2185 1917 secundo

469 1968 590 2012 ultra
634 1966 846 2012 Tiberim
894 1967 1003 2013 belli
1050 1983 1219 2013 sonum
1266 1968 1453 2013 venisse
1479 1968 1718 2021 negaverit
1734 1967 1790 2012 ?’'
1822 1967 1885 2013 Iis
1915 1976 2072 2013 autem
2103 1967 2185 2022 qui

470 2042 650 2108 contra*
678 2063 990 2108 Passeratium
1036 2063 1290 2108 observant
1335 2062 1631 2108 Nomentum
1663 2071 1709 2108 et
1740 2062 1932 2116 Coram,
1964 2071 2015 2108 ut
2047 2063 2187 2108 docet

471 2158 636 2203 Livius
669 2158 705 2210 Ι,
728 2157 800 2210 38,
832 2158 879 2210 4;
911 2157 1049 2210 VIII,
1085 2158 1153 2210 14,
1177 2157 1219 2210 3,
1243 2166 1348 2210 post
1370 2158 1562 2203 Romuli
1584 2158 1777 2202 demum
1800 2166 1996 2210 regnum
2013 2157 2184 2202 finibus

473 2253 699 2298 Romanis
726 2253 883 2298 addita
910 2268 1013 2298 esse
1038 2254 1423 2306 respondendum
1446 2262 1515 2298 est
1543 2252 1842 2298 verisimilius
1864 2267 1967 2297 esse
1988 2251 2187 2304 Proper-

471 2348 588 2393 tium
621 2348 856 2401 ignorasse
887 2364 982 2402 quo
1013 2357 1226 2401 tempore
1258 2348 1554 2394 Nomentum
1586 2357 1632 2393 et
1663 2346 1793 2393 Cora
1823 2355 1985 2400 captae
2017 2355 2186 2399 essent,

472 2459 614 2498 quam
647 2459 756 2488 eum
788 2444 955 2489 vitium
987 2445 1102 2489 illud
1133 2445 1192 2489 ab
1226 2443 1542 2497 Hertzbergio
1573 2452 1783 2488 notatum
1815 2443 2117 2488 commisisse.

475 2579 653 2626 Cossus
684 2581 771 2626 ait:
803 2581 910 2625 forti
941 2581 1107 2626 melius
1139 2595 1423 2625 concurrere
1455 2594 1635 2633 campo.

476 2675 517 2719 F
534 2691 563 2720 ο
579 2691 603 2720 r
618 2677 705 2720 tis
750 2691 776 2720 c
793 2691 821 2720 a
836 2691 883 2720 m
900 2691 932 2728 p
948 2691 979 2720 u
996 2691 1018 2720 s
1048 2690 1075 2720 a
1108 2675 1402 2720 Rothsteinio
1433 2675 1691 2728 explicatur
1721 2675 1812 2719 hoc
1843 2673 2011 2718 modo:
2043 2672 2130 2726 „F.
2147 2687 2187 2718 c.

475 2771 532 2815 ist
563 2771 646 2815 das
676 2771 791 2816 freie
823 2770 957 2822 Feld‚
989 2770 1075 2815 auf
1099 2770 1208 2814 dem
1225 2771 1402 2822 tapfere
1421 2769 1628 2814 Miinner
1642 2785 1704 2814 zu
1722 2769 1944 2822 kampfen
1961 2768 2188 2821 pflegen”,

476 2865 650 2910 deinde
696 2864 868 2909 mirum
915 2866 1042 2910 hunc
1087 2865 1305 2910 adiectivi
1352 2865 1556 2910 fortis
1603 2879 1741 2909 usum
1787 2864 2046 2909 defendere
2088 2863 2190 2907 vult

476 2960 662 3005 duobus
694 2961 807 3006 locis
840 2961 1112 3006 Horatianis
1142 2959 1421 3013 comparatis
1452 2958 1543 3004 Sat.
1575 2958 1612 3011 Ι,
1646 2957 1716 3010 10,
1747 2957 1824 3002 43:

1410 3055 1529 3099 forte
1560 3067 1674 3106 epos
1703 3067 1825 3105 acer,

477 3161 529 3197 ut
560 3167 716 3204 nemo,
746 3152 922 3197 Varius
953 3151 1108 3204 ducit;
1140 3151 1281 3196 molle
1312 3158 1452 3202 atque
1482 3150 1684 3194 facetum

477 3247 688 3301 Vergilio
719 3248 985 3292 adnuerunt
1015 3247 1270 3300 gaudentes
1301 3259 1411 3290 rure
1442 3243 1697 3289 Camenae.

539 3342 629 3388 Sat.
662 3343 724 3395 11,
756 3343 798 3395 4,
830 3342 913 3387 24:

479 3437 701 3482 Aufidius
732 3437 838 3482 forti
870 3436 1095 3482 miscebat
1125 3436 1265 3481 mella
1296 3434 1514 3486 Falerno,
