2566 3886
1124 277 1388 324 -159—

345 414 386 459 5.
403 413 447 459 6.
463 413 645 458 Versus
677 412 718 457 5.
749 420 791 457 o.
825 411 1123 456 Burmannus
1154 418 1259 464 post
1290 409 1317 455 8
1348 419 1654 462 transponere
1685 409 1847 454 voluit.

341 1936 409 1982 10.

462 508 669 554 Versum
715 507 744 552 6
791 521 961 560 „aurea
1006 521 1147 560 quam
1195 504 1324 555 molli
1371 513 1554 558 tergore
1600 505 1728 549 vexit
1759 505 1891 550 ovis'’
1924 520 2019 550 non
2052 505 2175 551 bene

463 604 556 648 dici
587 604 647 649 de
681 602 837 655 Hella,
869 616 991 656 quae
1022 600 1239 646 fluctibus
1270 599 1464 653 agitatur
1495 608 1540 644 et
1571 614 1680 644 cum
1704 598 1912 651 Cynthia
1934 600 2178 646 submersa

463 699 716 750 confertur,
763 706 892 750 putat
940 696 1188 747 Hartman,
1219 694 1296 739 cui
1328 694 1627 739 Burmannus
1659 695 1902 746 persuasit.
1935 694 2027 740 Sed
2060 696 2178 740 haec

465 793 708 838 difficultas
755 792 869 837 mihi
912 806 1006 836 non
1038 791 1100 836 ita
1131 789 1283 844 gravis
1313 789 1527 840 videtur;
1559 804 1725 834 versus
1757 788 1783 833 5
1816 805 1911 834 non
1944 790 2179 843 describit,

468 888 548 934 ubi
566 888 711 933 Helle
742 887 894 940 fuerit,
926 901 1034 931 cum
1065 885 1282 931 fluctibus
1312 884 1574 935 iactaretur,
1597 884 1679 928 sed
1712 885 1771 928 ad
1804 884 1981 930 Hellen
2013 886 2180 931 melius

465 983 812 1038 significandam
859 981 1043 1026 additus
1090 988 1159 1025 est
1189 995 1216 1024 a
1246 987 1397 1032 poeta.
1430 978 1680 1023 Praeterea
1711 994 1795 1024 suo
1828 980 1930 1024 iure
1961 980 2181 1026 observat

468 1079 582 1124 Otto
612 1076 964 1136 (Versumstell.
989 1076 1024 1120 I.
1042 1090 1087 1128 p.
1122 1071 1230 1132 13):
1264 1073 1407 1127 „Was
1437 1074 1550 1128 ietzt
1581 1074 1658 1119 ein
1690 1075 2057 1128 anschauliches,
2090 1092 2182 1121 ma-

468 1174 690 1220 lerisches
723 1173 827 1218 Bild
844 1171 982 1225 giebt,
1004 1171 1131 1215 wohl
1148 1170 1373 1223 geeignet,
1391 1170 1467 1214 die
1485 1170 1569 1215 mit
1586 1170 1678 1215 den
1696 1170 1879 1224 Wogen
1897 1171 2181 1224 kiimpiende

467 1269 675 1323 Cynthia
704 1267 911 1313 deutlich
942 1281 1031 1311 vor
1060 1280 1231 1310 unsere
1263 1265 1433 1318 Augen
1465 1274 1616 1310 treten
1648 1281 1710 1310 zu
1733 1266 1899 1318 lassen,
1916 1266 2041 1311 sinkt
2057 1268 2182 1312 dann

467 1365 614 1410 herab
644 1380 707 1409 zu
739 1363 894 1408 einem
927 1361 1114 1406 blossen
1148 1360 1394 1413 Beispiele,
1427 1359 1559 1405 einer
1587 1361 1988 1415 mythologischen
2023 1362 2184 1416 Notiz,

468 1460 546 1505 die
557 1459 642 1504 mit
651 1459 738 1504 der
750 1458 1090 1512 geschilderten
1103 1455 1328 1502 Situation
1347 1471 1439 1501 nur
1454 1456 1708 1501 ausserlich
1724 1460 2185 1513 zusammenhangtJ’

468 1650 687 1696 Fortasse
718 1664 827 1695 cum
860 1648 1063 1693 Heinsio
1094 1648 1369 1701 legendum:

471 1754 612 1799 teque
644 1753 722 1790 tua
754 1744 915 1789 labens
947 1742 1104 1788 navita
1134 1742 1266 1787 fleret
1296 1757 1429 1796 aqua.

472 1935 566 1981 Pro
609 1951 640 1989 q
654 1950 685 1980 u
699 1949 726 1980 a
738 1949 766 1979 e
780 1950 811 1988 q
826 1949 857 1979 u
871 1949 898 1978 e
941 1933 986 1978 ti
1001 1933 1031 1978 b
1045 1933 1059 1977 i
1103 1948 1130 1978 e
1143 1948 1174 1977 x
1187 1948 1213 1978 c
1227 1948 1254 1977 e
1268 1932 1326 1986 pi
1370 1932 1598 1978 Heinsius
1629 1934 1891 1980 coniciebat
1922 1952 2071 1990 „quae
2102 1937 2185 1982 tibi

673 2030 699 2051 ”
747 2027 839 2074 Sed
881 2028 1183 2082 excipere
1225 2042 1312 2080 pro
1355 2028 1688 2081 suscipere
1731 2039 1858 2076 recte
1890 2031 2054 2084 habet;
2086 2032 2188 2078 iure

471 2045 669 2082 suscepi.

474 2125 599 2170 enim
634 2124 846 2178 Postgate
876 2121 1057 2181 (Select
1087 2122 1256 2176 elegies
1287 2137 1332 2175 p.
1367 2120 1478 2181 138)
1509 2133 1722 2170 annotat:
1755 2126 1863 2177 „the
1887 2141 2023 2172 sense
2040 2127 2078 2172 is
2096 2129 2194 2173 that

476 2220 748 2273 Propertius
794 2219 1045 2264 untertook
1091 2227 1138 2263 to
1184 2218 1246 2263 do
1292 2219 1417 2263 what
1462 2219 1574 2271 they
1620 2220 1788 2265 should
1835 2224 2101 2276 command,
2133 2226 2190 2268 cf.

476 2314 583 2361 Sen.
631 2314 698 2359 H.
730 2314 786 2359 F.
828 2313 885 2358 42
916 2314 1063 2358 laetus
1095 2313 1290 2366 imperia
1321 2312 1521 2367 excipit;
1555 2314 1680 2368 Nep.
1715 2315 1841 2361 Dion
1874 2316 1916 2369 8,
1949 2317 1976 2362 3
2008 2318 2191 2371 excepit

477 2412 560 2456 has
591 2418 745 2463 partes
777 2410 876 2462 ipse
908 2407 1225 2454 Callicrates.’'

347 2602 415 2647 11.
436 2601 504 2646 12.
523 2600 633 2646 Hoc
679 2601 784 2645 loco
814 2607 1042 2652 spernunt
1072 2597 1161 2642 viri
1194 2598 1319 2643 docti
1353 2598 1618 2645 Hartmano
1649 2610 1847 2654 excepto
1879 2603 2189 2648 necessariam

476 2694 883 2750 transpositionem
915 2693 1203 2746 Baehrensii,
1235 2694 1316 2748 qui
1352 2695 1526 2740 11—12
1558 2706 1661 2749 post
1694 2697 1748 2743 18
1779 2699 1947 2750 posuit.

478 2792 534 2836 In
565 2800 694 2836 textu
725 2788 894 2834 tradito
926 2803 1222 2842 nequaquam
1254 2790 1566 2845 intelligimus,
1598 2808 1684 2838 cur
1716 2793 1987 2847 Propertius
2004 2809 2061 2839 eo
2090 2794 2192 2847 ipso

480 2885 702 2938 temporis
731 2892 970 2929 momento
986 2884 1047 2928 de
1064 2898 1175 2928 saxo
1192 2885 1460 2931 desulturus
1477 2887 1547 2939 sit,
1564 2903 1673 2933 cum
1690 2889 1966 2941 delphinum
1984 2889 2192 2934 subsidio

481 2995 671 3026 currere
682 2980 813 3025 vidit.
826 2977 1098 3023 Baehrensii
1115 2979 1384 3025 coniectura
1399 2991 1587 3035 recepta
1603 2983 1760 3028 omnia
1777 2983 1899 3028 bene
1916 2985 2192 3037 procedunt,

481 3085 533 3121 ut
577 3090 637 3120 ex
683 3073 871 3120 Ottonis
917 3070 1206 3130 (Versumst.
1253 3074 1289 3118 Ι.
1322 3090 1366 3127 p.
1403 3074 1483 3134 13)
1514 3077 1672 3122 verbis
1703 3087 1919 3130 apparet:
1952 3077 2194 3130 „Properz

481 3171 564 3215 sah
595 3169 734 3214 einen
766 3167 974 3220 Delphin
1006 3167 1092 3211 der
1122 3166 1542 3216 Untersinkenden
1574 3188 1636 3217 zu
1669 3172 1800 3217 Hilfe
1832 3172 1969 3225 eilen,
2001 3172 2115 3217 aber
2142 3187 2193 3217 es

482 3279 582 3309 war
613 3264 759 3308 schon
790 3278 852 3307 zu
885 3264 998 3313 spat,
1016 3259 1224 3313 Cynthia
1240 3278 1338 3309 war
1354 3266 1500 3310 schon
1517 3281 1592 3311 am
1609 3267 1880 3312 Versinken
1897 3264 2004 3324 (vix
2020 3267 2194 3320 primas

483 3359 711 3404 extollens
768 3355 944 3410 gurgite
990 3353 1207 3413 palmas),
1265 3360 1325 3403 da
1376 3361 1603 3414 schwingt
1649 3361 1748 3406 sich
1795 3361 2007 3414 Properz
2052 3361 2196 3406 selbst

483 3453 627 3499 hinab
671 3452 719 3497 in
766 3451 843 3496 die
874 3449 986 3494 Flut
1015 3449 1112 3493 und
1145 3474 1203 3482 —
1234 3456 1440 3500 erwacht
1454 3454 1496 3500 !'’
1537 3455 1583 3500 Si
1615 3456 1722 3508 ulla,
1753 3457 1869 3502 haec
1901 3455 2195 3509 transpositio
