2566 3886
317 394 387 439 19.

313 1149 385 1194 21.

311 1717 383 1763 23.

314 2368 385 2414 25.

314 3100 386 3146 30.

1107 261 1372 306 —251-

448 401 494 438 et
523 401 760 438 certamen
792 392 966 437 habent
997 391 1075 437 leti
1106 406 1228 445 quae
1259 391 1370 436 viva
1400 399 1621 445 sequatur

524 487 806 541 coniugium.

447 582 560 628 Post
590 583 622 627 h
639 597 666 627 a
682 582 712 626 b
729 597 756 626 e
776 597 807 626 n
823 590 841 626 t
873 581 1193 626 Rothsteinius
1224 579 1502 626 sententiam
1534 579 1723 632 incidit;
1756 579 1923 624 melius
1955 578 2031 624 alii
2062 587 2166 632 post

446 677 599 728 leti;
631 691 727 721 non
760 675 1022 720 necessaria
1052 675 1167 720 mihi
1199 675 1388 720 videtur
1417 674 1687 719 coniectura
1719 673 1989 719 Housmani
2019 671 2165 731 (JPh.

445 770 567 816 XVI
585 785 630 823 p.
651 767 745 827 11):
760 778 806 815 et
821 779 1059 814 certamen
1076 769 1263 822 habent,
1281 770 1426 814 letum
1444 784 1564 822 quae
1581 768 1693 813 viva
1710 776 1932 822 sequatur
1948 767 2164 822 coniugii.

444 874 684 911 certamen
731 864 811 910 leti
857 864 1045 917 habent,
1083 865 1131 910 in
1163 872 1403 910 certamen
1435 863 1646 916 veniunt,
1678 877 1910 916 quaenam
1943 863 2082 908 morti
2113 877 2164 908 se

446 961 612 1006 datura
642 959 699 1004 sit
716 956 773 1017 2).

445 1150 612 1194 ardent
642 1148 859 1193 victrices

446 1243 572 1290 Cum
621 1243 687 1288 H.
734 1242 970 1297 Stephano
1015 1252 1061 1287 et
1107 1242 1381 1294 Passeratio,
1425 1257 1543 1296 quos
1575 1257 1635 1287 ex
1668 1241 2008 1287 recentioribus
2043 1258 2165 1287 unus

445 1339 633 1384 Palmer
653 1346 838 1383 secutus
868 1346 951 1390 est,
983 1347 1011 1392 g
1024 1353 1051 1383 a
1064 1354 1095 1383 u
1109 1338 1139 1382 d
1154 1353 1181 1382 e
1195 1353 1226 1382 n
1241 1346 1258 1382 t
1288 1337 1538 1390 legendum
1556 1345 1638 1381 est.
1658 1336 1875 1390 Ineptum
1893 1344 1963 1381 est
1978 1344 2164 1389 poetam

444 1434 602 1479 dicere
623 1447 794 1479 uxores
810 1432 1026 1478 victrices
1042 1432 1136 1486 igni
1152 1432 1244 1477 iam
1275 1432 1458 1484 ardere,
1489 1431 1662 1477 deinde
1694 1446 1725 1484 p
1741 1446 1768 1476 e
1785 1446 1812 1477 c
1829 1440 1890 1477 to
1907 1447 1931 1476 r
1946 1447 1974 1476 a
2004 1432 2088 1477 fla
2101 1447 2166 1476 m-

445 1529 563 1574 mis
605 1543 710 1574 eas
760 1527 1095 1581 praebere
1132 1528 1334 1573 adicere.

446 1718 557 1763 Hoc
588 1717 820 1763 distichon
852 1717 980 1762 nulla
1010 1716 1303 1762 correctione
1334 1725 1462 1770 eget:

562 1814 654 1858 hoc
684 1821 830 1867 genus
860 1812 1057 1858 infidum
1090 1821 1368 1866 nuptarum:
1400 1812 1477 1857 hic
1507 1812 1636 1857 nulla
1665 1812 1833 1865 puella,

622 1923 711 1953 nec
741 1907 834 1953 fide
867 1907 1066 1953 Euadne
1096 1923 1185 1953 nec
1216 1907 1293 1961 pia
1323 1907 1576 1960 Penelope.

445 2002 620 2056 Neque
636 2003 763 2048 enim
780 2017 899 2056 opus
915 2010 985 2047 est
1016 2002 1274 2048 Burmanni
1307 2002 1576 2048 coniectura
1606 2002 1809 2056 pudica
1838 2017 1926 2055 pro
1949 2016 2019 2055 pu
2032 2003 2163 2055 ella;

447 2106 573 2143 recte
605 2112 795 2143 versum
835 2097 975 2142 vertit
1006 2097 1305 2142 Phillimore:
1338 2112 1431 2149 „no
1462 2097 1546 2151 girl
1578 2098 1626 2142 of
1656 2113 1766 2143 ours
1799 2098 1894 2143 will
1911 2099 2020 2151 play
2036 2098 2164 2143 faith-

431 2192 498 2238 ful
532 2192 730 2238 Euadne
762 2207 817 2238 or
847 2193 1052 2237 devoted
1084 2191 1371 2245 Penelopen

445 2369 559 2415 felix
589 2378 820 2423 agrestum
852 2370 1092 2424 quondam
1124 2380 1286 2423 pacata
1316 2370 1534 2415 iuventus

445 2464 484 2508 P
501 2479 570 2509 ac
586 2479 613 2509 a
630 2474 703 2517 ta,
751 2466 880 2518 quod
930 2465 1163 2519 Postgatio
1194 2474 1462 2519 suspectum
1501 2474 1584 2518 est,
1616 2474 1767 2519 potest
1797 2466 1936 2518 ferri;
1967 2467 2162 2511 fortasse

443 2567 598 2604 autem
646 2575 754 2604 cum
802 2559 1106 2605 Cornelissen
1154 2568 1358 2605 nostrate
1402 2560 1433 2604 b
1451 2575 1478 2604 a
1495 2576 1519 2605 r
1535 2560 1566 2605 b
1583 2569 1687 2605 ata
1718 2560 2046 2613 corrigendum
2079 2570 2162 2605 est.

446 2651 573 2709 (Mn.
606 2653 671 2699 N.
703 2653 748 2699 S.
781 2655 873 2700 vol.
906 2654 1018 2707 VII,
1051 2670 1095 2707 p.
1131 2653 1256 2712 104).

447 2830 664 2875 Mixta
696 2831 960 2877 Hartmano
991 2840 1259 2884 suspectum
1292 2841 1374 2884 est,
1407 2847 1515 2877 nam
1547 2832 1702 2877 lilia
1733 2833 1943 2878 violis
1975 2834 2163 2879 mixta

449 2925 493 2969 ei
525 2925 795 2977 languidum
828 2926 1031 2971 videtur.

447 3101 681 3155 virgineos
713 3134 723 3145 .
757 3135 768 3146 .
802 3135 812 3146 .
846 3135 856 3146 .
889 3117 973 3154 per
1003 3104 1222 3148 calathos.

448 3195 725 3240 Rectissime
774 3195 1018 3241 Fruterius
1063 3197 1396 3241 vimineos
1442 3197 1563 3249 legit,
1577 3196 1612 3253 2)
1646 3197 1843 3243 iuvenes
1877 3198 2161 3252 virgineos

364 3322 395 3368 ι)
447 3327 562 3361 Recte
600 3323 839 3361 Phillimore=
871 3329 941 3362 and
969 3329 1056 3369 they
1083 3330 1192 3362 make
1218 3340 1239 3362 a
1264 3329 1375 3370 dying
1401 3329 1525 3362 match
1550 3329 1592 3362 of
1612 3329 1653 3370 it,
1678 3330 1799 3364 which
1826 3331 1919 3366 shall
1944 3332 2071 3366 follow
2095 3334 2161 3366 her

315 3385 480 3420 husband
506 3386 615 3421 alive.

360 3440 393 3486 ²)
441 3444 517 3479 Soli
544 3445 799 3480 Lachmannue
826 3446 1072 3481 Baehrenaius
1096 3442 1310 3489 Poeantius
1337 3447 1566 3482 Hartmanu·
1592 3459 1676 3482 eum
1703 3449 1822 3484 secuti
1848 3457 1944 3485 aunt.
