2566 3886
1160 249 1426 296 —286—

496 379 542 423 Is
573 379 700 424 enim
723 388 871 424 totum
901 381 1057 425 locum
1080 380 1146 425 sic
1168 380 1368 434 Anglice
1391 381 1555 426 vertit:
1584 383 1738 434 „what
1760 383 1839 428 the
1862 383 2038 429 friends
2060 385 2107 429 ol
2125 400 2214 430 our

496 475 644 519 house
675 489 803 519 were
835 483 916 519 not
947 474 1052 519 able
1084 483 1131 519 to
1163 490 1357 520 remove
1388 476 1511 520 from
1544 492 1634 529 me,
1665 492 1753 522 nor
1775 476 2048 523 Thessalian
2072 479 2213 524 witch

495 577 543 613 to
575 577 720 622 purge
752 584 886 621 away
917 569 1031 614 with
1062 570 1141 614 the
1173 579 1274 615 vast
1306 585 1398 623 sea,
1430 571 1527 615 that
1559 571 1580 615 I
1614 572 1780 624 myselt
1810 572 1932 617 have
1960 572 2081 618 been
2109 574 2214 619 able

496 672 542 708 to
573 678 783 715 remove,
816 672 897 708 not
929 665 1082 708 under
1113 665 1407 717 compulsion
1440 666 1487 710 of
1517 666 1646 710 knife
1677 681 1732 711 or
1762 675 1969 720 cautent,
1993 682 2066 720 ay,
2091 683 2213 713 even

495 758 671 811 though
704 758 725 802 Ι
757 772 854 802 was
885 773 913 802 a
944 766 1174 810 castaway
1205 783 1264 789 —
1296 760 1317 803 I
1355 759 1451 804 will
1484 761 1666 806 confess
1697 762 1776 806 the
1807 762 1934 806 truth
1966 786 2024 792 —
2054 763 2102 808 in
2134 764 2214 809 the

495 867 614 905 very
644 852 839 905 Aegean
872 852 1041 897 main’'.

498 947 692 1002 Optime
725 947 851 992 enim
885 947 1110 993 Fosterus
1141 948 1367 993 intellexit
1383 964 1573 994 versum
1601 949 1655 994 12
1678 965 1773 995 non
1791 959 2001 1003 spectare
2021 952 2213 1006 elegiam

495 1043 530 1095 Ι,
566 1042 635 1094 17,
667 1043 795 1095 quod
828 1051 873 1087 et
905 1042 952 1086 in
986 1042 1204 1096 Postgatii
1235 1052 1281 1088 et
1312 1044 1359 1088 in
1394 1044 1674 1089 Rothsteinii
1715 1045 2096 1098 interpretatione
2127 1048 2216 1093 dis·

494 1137 658 1189 plicet;
691 1138 807 1181 haec
843 1145 999 1181 autem
1032 1137 1217 1182 Fosteri
1251 1138 1398 1183 verba
1429 1148 1560 1184 sunt:
1607 1155 1773 1192 „verse
1807 1140 1862 1184 12
1894 1150 2064 1186 cannot
2107 1143 2214 1187 well

498 1233 557 1277 be
588 1248 647 1277 an
680 1232 876 1277 allusion
920 1241 968 1277 to
1001 1232 1036 1285 Ι,
1072 1232 1141 1284 17,
1186 1233 1387 1278 because
1418 1231 1519 1292 (A)
1551 1235 1598 1279 in
1630 1236 1728 1279 that
1759 1235 1926 1280 earlier
1964 1251 2104 1288 poem
2135 1238 2215 1283 the

494 1342 635 1373 scene
667 1328 704 1373 is
736 1328 828 1373 laid
857 1337 939 1373 not
961 1329 1009 1372 in
1031 1329 1111 1373 the
1141 1329 1395 1382 Aegean
1428 1330 1511 1375 but
1527 1330 1574 1374 in
1592 1331 1671 1376 the
1703 1331 1941 1383 Ionian,
1973 1332 2065 1376 and
2081 1333 2214 1377 there

496 1423 533 1467 is
565 1424 698 1467 there
730 1438 793 1468 no
824 1424 920 1468 talk
951 1423 1006 1468 of
1031 1425 1181 1468 actual
1213 1424 1495 1477 shipwreck‚
1513 1425 1605 1469 and
1622 1422 1715 1483 (B)
1735 1425 1936 1470 because
1967 1426 2001 1470 it
2036 1426 2074 1471 is
2099 1427 2215 1472 unli-

492 1518 603 1571 kely
634 1518 731 1563 that
763 1518 1052 1571 Propertius,
1083 1519 1132 1563 in
1165 1519 1236 1564 his
1268 1528 1457 1571 present
1479 1519 1618 1564 bitter
1645 1521 1801 1572 mood,
1831 1522 1990 1566 would
2019 1530 2214 1575 suggest,

495 1629 618 1658 even
662 1614 906 1666 ironically
950 1615 1047 1659 that
1080 1614 1285 1659 Heaven
1318 1615 1411 1659 had
1443 1629 1563 1659 once
1595 1623 1698 1659 sent
1728 1630 1755 1659 a
1786 1624 1930 1660 storm
1963 1624 2011 1660 to
2042 1616 2214 1668 punish

493 1709 564 1754 his
595 1709 831 1754 desertion
863 1710 910 1754 of
942 1709 1192 1762 Cynthia'’.
1225 1709 1359 1754 Idem
1390 1718 1498 1754 ante
1530 1725 1639 1754 eum
1672 1710 1763 1754 iam
1796 1710 1913 1755 dixit
1930 1711 2215 1765 Risbergius,

492 1804 625 1849 cuius
688 1804 873 1848 libellus
937 1804 1041 1849 viro
1102 1805 1241 1849 docto
1294 1804 1584 1849 Americano
1626 1804 1808 1858 ignotus
1854 1820 1957 1850 esse
2003 1806 2215 1858 videtum

497 1900 622 1952 apud
657 1899 955 1953 Risbergium
988 1908 1145 1944 autem
1178 1899 1399 1953 legimus:
1433 1899 1713 1953 „Aegaea
1743 1915 1905 1954 aqua
1936 1900 2113 1946 dictum
2145 1910 2215 1946 est

492 2004 543 2040 ut
574 1995 758 2048 saepius
789 2011 876 2048 pro
920 2010 1082 2040 mare
1122 1995 1567 2047 periculosum,
1599 1996 1727 2048 quod
1760 1996 1850 2040 hoc
1888 2011 2017 2041 mare
2054 1996 2216 2042 insulis

491 2105 545 2135 ac
583 2091 787 2144 scopulis
818 2099 887 2135 est
919 2091 1112 2144 plenum
1145 2090 1592 2144 tempestatibusque
1623 2091 1858 2144 crebrum,
1891 2092 1948 2136 cf.
1986 2091 2108 2136 Hor.
2141 2091 2216 2137 C.-

494 2185 556 2238 11,
591 2185 660 2237 16,
695 2185 746 2237 1;
781 2185 867 2237 ΙΙΙ,
900 2184 971 2237 29,
1004 2185 1089 2238 623
1123 2185 1371 2231 Claudian.
1403 2186 1540 2238 ΧΧΙ,
1572 2185 1673 2231 287.

493 2280 614 2331 Quis
657 2295 773 2324 vero
824 2280 972 2325 nescit
1008 2290 1169 2333 poetas
1201 2282 1420 2326 translate
1452 2283 1631 2326 locutos
1663 2297 1766 2327 esse
1798 2283 1858 2326 de
1890 2282 2007 2326 mari
2037 2283 2215 2335 procel·

491 2375 591 2418 loso
623 2382 762 2427 atque
794 2375 854 2419 de
886 2375 1139 2428 naufragio,
1171 2390 1280 2420 cum
1313 2376 1521 2428 pericula
1536 2385 1675 2429 atque
1696 2376 1948 2421 infortunia
1966 2375 2215 2421 dicerent?

492 2469 637 2513 Velut
671 2469 897 2514 Horatius
930 2470 1056 2514 claro
1087 2470 1166 2515 illo
1198 2470 1406 2515 carmine
1439 2470 1533 2515 Od.
1567 2471 1603 2523 Ι,
1634 2470 1688 2515 13
1706 2471 1775 2516 rei
1792 2472 2007 2523 publicae
2035 2472 2215 2524 pericu-

494 2565 591 2609 lum
625 2564 713 2609 sub
745 2564 945 2618 imagine
976 2566 1261 2618 tempestatis
1293 2565 1513 2619 depingit,
1546 2581 1686 2619 quam
1704 2566 1751 2610 in
1770 2566 1871 2618 ipso
1888 2567 2004 2611 mari
2022 2566 2214 2620 Aegaeo

495 2660 783 2705 saevientem
816 2660 922 2705 facit
954 2658 1025 2718 (v.
1062 2661 1118 2706 19
1149 2659 1269 2719 sq.):

929 2758 1152 2803 interfusa
1182 2759 1383 2804 nitentes

1003 2854 1122 2899 vites
1153 2869 1360 2908 aequora
1391 2853 1639 2906 Cycladas.

494 2948 612 2992 Item
662 2947 866 2993 Ovidius
911 2949 1140 3002 relegatus
1187 2949 1476 3002 naufragium
1523 2964 1573 2994 se
1621 2963 1809 3001 passum
1855 2964 1957 2994 esse
2002 2949 2215 3002 queritur

496 3043 695 3095 saepius,
727 3052 778 3088 ut
808 3058 868 3088 ex
902 3043 953 3088 P.
986 3043 1048 3096 ΙΙ,
1080 3043 1122 3095 2,
1157 3043 1273 3088 128:

1002 3143 1146 3188 timeo
1177 3144 1427 3197 naufragus
1458 3159 1600 3189 omne
1631 3144 1815 3189 fretum.

494 3237 554 3282 Et
598 3238 896 3290 peculiariter
938 3238 1018 3292 qui
1061 3247 1270 3283 amantes
1314 3238 1632 3283 infidelitatem
1679 3238 1862 3290 puellae
1908 3252 2016 3282 cum
2048 3237 2211 3281 dolore

492 3334 673 3385 experti
717 3342 838 3385 sunt,
883 3333 1090 3386 nauh-agi
1128 3333 1287 3378 vocari
1326 3342 1533 3387 possunt,
1565 3334 1625 3378 de
1656 3348 1749 3387 qua
1779 3347 1831 3377 re
1862 3332 2076 3376 conferre
2106 3331 2212 3376 licet

492 3426 704 3473 eiusdem
738 3428 924 3473 Horatii
956 3443 1147 3472 carmen
1179 3428 1215 3479 Ι,
1248 3427 1290 3472 5.
1324 3427 1469 3472 Poeta
1501 3428 1730 3479 Pyrrham
1762 3428 1987 3472 allocutus
