2566 3886
1160 265 1426 311 —242—

504 396 705 442 misere
737 397 784 441 in
817 412 862 441 v.
895 396 922 441 3
954 396 1171 441 erkliirt’'.
1205 395 1298 441 Sed
1330 395 1667 449 unusquisque,
1709 395 1790 449 qui
1828 395 2032 448 primum
2079 396 2218 442 huius

502 492 722 536 carminis
755 506 946 536 versum
979 492 1112 544 leget,
1144 492 1205 536 de
1237 491 1394 545 aliquo
1420 492 1547 535 dono
1580 489 1827 543 Propertio
1858 505 1885 535 a
1902 490 2056 535 Musis
2075 491 2217 536 misso

501 603 768 633 sermonem
788 587 891 632 fore
922 586 1116 639 putabit,
1134 595 1180 631 et
1192 586 1449 631 absurdum
1467 585 1602 630 tertio
1619 586 1811 630 demum
1828 600 1970 630 versu
1986 586 2216 639 legentem

497 683 753 736 intelligere
770 682 1059 727 falsissimam
1077 682 1217 727 fuisse
1234 696 1366 726 suam
1388 681 1674 733 opinionem.
1694 680 1922 725 Heinsius
1953 680 2218 726 visissent

500 778 757 831 proposuit,
790 777 957 823 melius
990 776 1277 822 Passeratius
1309 791 1332 820 r
1346 775 1393 820 is
1410 775 1424 819 i
1439 790 1460 820 s
1475 789 1496 820 s
1510 790 1536 820 e
1550 790 1581 819 n
1596 784 1626 819 t.

365 970 436 1015 25.
499 970 594 1015 Pro
642 969 939 1015 convivia
985 983 1093 1014 cum
1142 966 1442 1012 Broukhusio
1488 966 1739 1019 legendum
1778 974 1847 1011 est
1879 965 2216 1018 convicia,

498 1067 555 1111 ct.
587 1066 875 1117 Vahlenum,
909 1064 1046 1110 Mon.
1078 1064 1157 1108 Pr.
1189 1062 1251 1115 A,
1287 1061 1417 1113 1881,
1449 1076 1494 1114 p.
1527 1060 1629 1106 347.

1101 1489 1356 1536 ELEGIA
1387 1490 1474 1536 XI.

390 1646 431 1691 5.
493 1646 758 1691 Venturam
791 1645 959 1689 melius
989 1644 1217 1698 praesagit
1247 1644 1405 1690 navita
1436 1653 1637 1690 mortem

494 1739 569 1785 Sic
603 1739 663 1785 Ο.
697 1739 919 1793 Plerique
950 1747 1107 1784 tamen
1139 1739 1229 1784 viri
1246 1739 1372 1784 docti
1391 1748 1570 1784 textum
1588 1739 1807 1784 traditum
1825 1746 2099 1790 corruptum
2113 1752 2215 1783 esse

491 1844 682 1889 putant:
748 1850 836 1887 pro
893 1850 940 1879 m
957 1834 1095 1879 eliu
1113 1849 1134 1879 s
1194 1835 1509 1880 Marklandus
1546 1851 1578 1880 v
1595 1850 1622 1880 e
1638 1844 1656 1879 t
1673 1851 1704 1880 u
1721 1835 1736 1879 l
1753 1850 1783 1879 u
1801 1849 1836 1887 s,
1882 1833 2214 1878 Lachmannus

489 1931 789 1985 pavidus,
822 1931 1136 1976 Baehrensius
1168 1941 1494 1984 expertus
1526 1932 1797 1985 coniecere;
1837 1945 1924 1985 pro
1955 1938 2214 1975 mortem

499 2035 657 2072 autem
689 2042 798 2072 cum
831 2027 880 2072 fv
912 2042 943 2071 n
961 2041 990 2071 o
1007 2041 1033 2071 c
1050 2035 1109 2071 te
1127 2042 1174 2071 m
1206 2027 1431 2072 scribunt.

498 2122 571 2167 Ex
602 2122 801 2167 aliorum
833 2121 1115 2167 coniecturis
1146 2122 1239 2167 cito
1270 2123 1379 2167 has:

494 2226 746 2263 ventorum
779 2218 947 2263 melius
981 2218 1209 2271 praesagit
1239 2218 1397 2263 navita
1429 2227 1609 2263 motum
1663 2216 1869 2277 (Owen)

491 2322 739 2358 venturam
862 2346 889 2365 „
1070 2347 1097 2366 „
1279 2347 1305 2366 ‚,
1394 2323 1594 2359 mortem
1621 2311 1801 2372 (Postg.
1819 2314 1937 2360 JPh.
1956 2315 2043 2368 ΙΧ,
2060 2331 2106 2368 p.
2131 2315 2210 2373 68)

494 2416 748 2453 venturum
861 2441 888 2460 „
1070 2441 1096 2461 „
1279 2441 1306 2460 „
1322 2417 1518 2453 ventum
1527 2406 1801 2466 (Richards,
1810 2408 1915 2454 CR.
1925 2409 2062 2463 XIII,
2072 2427 2118 2464 p.
2129 2408 2212 2476 16)

491 2503 616 2548 Mihi
648 2503 764 2548 nihil
803 2504 1080 2548 mutandum
1113 2518 1216 2547 esse
1247 2502 1460 2548 videtur:
1494 2518 1602 2548 nam
1634 2518 1729 2548 vox
1760 2513 1956 2549 nocte
1975 2521 2037 2557 m,
2068 2520 2211 2558 quam

495 2598 740 2643 Vahlenus
766 2613 928 2643 veram
956 2598 1098 2651 ducit,
1126 2598 1253 2643 nude
1280 2598 1442 2651 posita,
1474 2607 1526 2643 ut
1555 2607 1573 2643 t
1589 2614 1615 2643 e
1632 2614 1679 2643 m
1697 2614 1728 2652 p
1745 2614 1772 2644 e
1789 2608 1886 2644 sta
1902 2615 1923 2644 s
1955 2599 2212 2653 significare

496 2693 654 2746 possit,
714 2708 898 2738 vereor.
958 2693 1218 2747 Postgatius
1276 2695 1590 2747 corruptelam
1651 2693 1844 2739 subesse
1890 2703 2033 2747 putat,
2083 2696 2212 2749 quod

496 2803 638 2832 nemo
685 2803 780 2833 non
827 2788 1100 2842 praedicere
1136 2788 1281 2842 possit
1312 2797 1512 2833 mortem
1543 2789 1794 2842 aliquando
1826 2798 2087 2835 venturam.
2119 2789 2212 2836 Sed

497 2883 585 2927 nisi
617 2884 795 2928 nodum
828 2883 875 2927 in
908 2884 1063 2937 scirpo
1094 2883 1379 2937 quaerimus,
1402 2884 1507 2929 luce
1523 2884 1692 2929 clarius
1708 2893 1791 2937 est,
1809 2885 1922 2938 quid
1940 2885 2212 2939 Propertius

498 2977 585 3022 sibi
618 2978 845 3023 voluerit:
878 2987 927 3023 tu
960 2993 1036 3022 me
1067 2978 1288 3031 ignavum
1320 2979 1548 3031 nominas,
1580 2979 1744 3033 inquit,
1776 2980 1905 3033 quod
1937 2980 2110 3025 femina
2135 2995 2213 3025 me

498 3081 650 3126 regat3
698 3073 781 3117 sed
829 3081 878 3117 tu
925 3074 1138 3118 nondum
1185 3073 1343 3118 omnia
1388 3082 1609 3126 expertus
1653 3088 1717 3125 es,
1740 3088 1861 3126 quae
1893 3082 2005 3127 ego;
2036 3073 2212 3128 quippe

498 3176 639 3212 nauta
686 3168 854 3212 melius
892 3167 1200 3212 calamitatem
1232 3168 1558 3213 imminentem
1590 3168 1843 3220 praesentit
1874 3184 1929 3213 ac
1961 3168 2212 3222 praesagia

497 3278 593 3307 non
640 3263 731 3307 iam
778 3271 872 3307 tam
904 3264 1058 3308 audax
1089 3272 1159 3308 est
1190 3279 1331 3316 quam
1363 3264 1402 3308 is
1433 3264 1515 3316 qui
1547 3278 1788 3317 nunquam
1819 3264 1930 3309 fecit
1960 3264 2049 3309 iter
2078 3264 2213 3309 mari-

497 3357 690 3409 timum;
737 3372 893 3410 neque
940 3357 1074 3402 miles
1105 3358 1253 3403 nescit
1283 3373 1425 3411 quam
1457 3358 1773 3411 periculosum
1805 3358 1863 3402 sit
1892 3358 2082 3404 bellum.
2115 3357 2211 3410 Qui

500 3461 655 3496 autem
689 3452 970 3496 coniecturis
1002 3453 1096 3497 suis
1128 3462 1313 3506 poetam
1346 3453 1582 3498 dicentem
1614 3454 1826 3497 fecerunt
1841 3462 2028 3498 nautam
2046 3453 2213 3498 melius
