2566 3886
307 381 376 426 17.

308 1141 380 1186 22.

312 1805 383 1850 25.

315 2281 387 2326 26.

1115 248 1351 294 ...24-

438 381 596 426 Versu
632 380 684 425 17
726 380 976 425 Housman
1030 377 1174 437 (JPh.
1222 378 1343 423 XXI
1377 394 1421 431 p.
1458 377 1569 436 182)
1612 379 1911 433 opposito
1964 388 2157 425 vento

438 491 523 528 pro
554 476 758 521 ablativo
789 476 1005 520 absuluto
1036 475 1177 519 habet
1200 483 1246 519 et
1272 483 1462 519 annotat
1493 475 1692 519 haecce:
1735 472 1840 532 „(1)
1868 475 2156 520 understand

440 570 648 623 Cynthia
663 580 711 616 to
745 571 803 616 be
834 571 1138 623 represented
1171 585 1220 614 as
1252 570 1414 623 crying
1444 579 1492 614 to
1525 570 1822 622 Propertius:
1853 585 1940 623 my
1981 570 2158 615 kisses

440 666 622 719 bring
667 681 694 711 a
706 665 881 720 gain!‚
929 667 1070 710 when
1117 681 1227 710 now
1259 666 1331 710 his
1374 666 1479 718 ship
1512 667 1595 711 has
1638 666 1718 711 left
1761 666 1840 710 the
1883 666 2022 710 shore
2065 666 2158 710 and

440 762 519 806 the
550 761 678 805 wind
711 761 889 806 forbids
920 762 1127 806 return”.

443 856 542 910 Ego
573 872 682 901 cum
716 856 981 901 Hartmano
1012 854 1086 914 (in
1118 854 1331 914 schedis)
1361 856 1596 909 explicare
1627 856 1809 901 malim:
1842 855 2049 908 „Oscula
2064 870 2160 900 non

440 952 538 1004 tibi,
570 952 833 1004 durissime,
865 952 1032 1003 debeo,
1064 953 1146 997 sed
1180 952 1344 1004 ventis,
1377 950 1639 996 mitioribus
1670 965 1811 1003 quam
1843 958 1893 995 tu
1924 951 2018 995 es'’.

441 1141 600 1187 Versu
650 1141 708 1186 22
763 1141 1081 1187 Phillimorius
1131 1142 1380 1187 lectionem
1434 1150 1491 1186 at
1536 1156 1679 1194 quam
1726 1140 1950 1185 exhibent
1995 1155 2161 1185 omnes

440 1238 628 1283 codices
679 1237 797 1281 falso
849 1252 958 1282 cum
1012 1237 1138 1282 Italis
1191 1237 1238 1281 in
1291 1245 1349 1281 et
1402 1236 1600 1281 mutavit
1646 1251 1801 1288 neque
1848 1235 2067 1280 observat
2113 1235 2160 1280 in

441 1338 666 1383 apparatu
709 1331 868 1376 critico
912 1340 967 1376 et
1009 1332 1328 1377 coniecturam
1366 1347 1483 1376 esse.
1518 1331 1701 1376 Eodem
1745 1331 1888 1376 modo
1934 1338 1991 1375 at
2033 1330 2160 1375 adhi—

443 1425 581 1471 betur
635 1425 721 1470 ΙΙΙ.
766 1426 808 1471 5.
858 1426 927 1478 14,
975 1426 1057 1471 ubi
1104 1442 1212 1471 cum
1260 1425 1524 1471 Schradero
1556 1434 1612 1470 at
1642 1441 1702 1470 ex
1732 1425 2004 1470 coniectura
2033 1424 2161 1469 resti-

449 1521 678 1565 tuendum
711 1535 814 1565 esse
845 1521 1013 1573 credo;
1055 1521 1151 1566 vid.
1182 1536 1335 1566 meam
1365 1522 1424 1565 ad
1453 1521 1584 1566 illum
1614 1522 1770 1565 locum
1798 1520 2160 1566 annotationem.

446 1615 540 1660 Pro
571 1630 598 1660 a
612 1631 636 1659 r
649 1631 696 1660 m
711 1630 738 1660 a
755 1623 811 1660 ta
823 1631 851 1660 e
883 1631 991 1660 cum
1026 1615 1391 1661 Hemsterhusio
1422 1631 1449 1661 a
1461 1631 1485 1660 r
1499 1632 1545 1661 m
1558 1624 1657 1661 ato
1688 1617 1842 1669 legere
1874 1615 2047 1660 malim.

446 1821 523 1850 me
554 1805 656 1851 sine
687 1820 830 1858 quem
862 1806 1013 1850 voluit
1043 1820 1230 1858 semper
1263 1805 1476 1851 Fortuna
1506 1805 1659 1851 iacere

447 1900 655 1945 voluit
720 1915 965 1953 semper
1026 1900 1092 1945 sic
1154 1900 1468 1945 Baehrensins
1529 1915 1638 1945 cum
1701 1900 1798 1945 DV
1859 1900 2018 1952 edidit,
2079 1900 2164 1945 sed

446 1995 591 2040 ceteri
652 1995 840 2040 codices
900 2003 1027 2040 recte
1089 2010 1330 2047 semper
1391 1995 1598 2040 voluit
1657 1994 1716 2039 cf.
1779 1994 1983 2040 Housm.
2044 1993 2163 2040 JPh.

448 2090 585 2142 XXI,
617 2105 662 2142 p.
682 2089 781 2135 183.

450 2281 561 2326 Hoc
592 2295 733 2325 versu
766 2281 1017 2333 legendum
1049 2296 1151 2325 esse
1183 2295 1355 2326 censeo
1386 2296 1495 2325 cum
1513 2280 1790 2325 Fonteinio:
1823 2281 1943 2324 hanc
1961 2279 2164 2324 animam

450 2383 661 2420 extrema
691 2376 893 2420 reddere
924 2375 1145 2428 nequitia.
1163 2374 1447 2420 Animam
1476 2390 1538 2419 re
1553 2375 1626 2419 dd
1642 2390 1744 2419 ere
1768 2375 1890 2420 bene
1907 2375 2166 2427 explicatur

452 2487 511 2517 ex
541 2471 738 2524 Vergilii
770 2470 944 2524 Georg.
972 2471 1058 2523 ΙΙΙ,
1090 2469 1203 2515 495:

571 2565 702 2610 Hinc
754 2565 884 2610 laetis
938 2565 1071 2610 vituli
1117 2566 1258 2618 vulgo
1304 2565 1569 2609 moriuntur
1615 2565 1662 2609 in
1709 2565 1868 2610 herbis

570 2668 617 2705 et
663 2661 825 2705 dulces
855 2659 1033 2704 animas
1064 2660 1203 2712 plena
1233 2659 1292 2704 ad
1324 2659 1567 2712 praesepia
1598 2660 1802 2705 reddunt

454 2756 655 2802 Dativus
701 2755 923 2809 explicari
971 2755 1147 2808 nequit.
1196 2754 1314 2800 Vult
1356 2755 1483 2799 enim
1515 2755 1563 2799 id
1595 2756 1723 2808 quod
1757 2755 1960 2801 Ovidius
1991 2756 2167 2810 optavit

454 2851 566 2896 Am.
601 2851 647 2896 ΙΙ
682 2850 751 2896 10.
784 2849 862 2895 36:

571 2946 640 2991 At
685 2946 799 2991 mihi
842 2946 1077 2999 contingat
1106 2945 1311 2991 Veneris
1342 2946 1642 2999 languescere
1674 2954 1818 2998 motu,

691 3056 800 3086 cum
833 3041 1020 3092 moriar,
1053 3040 1263 3085 medium
1295 3041 1451 3085 solvar
1481 3049 1528 3085 et
1557 3040 1680 3085 inter
1710 3056 1842 3094 opus.

455 3136 724 3182 Housmani
754 3136 1051 3181 coniectura:
1083 3135 1229 3180 huic
1259 3135 1520 3180 animam
1549 3144 1876 3180 extremam
1906 3135 2167 3180 reddere

455 3231 785 3285 nequitiae
834 3246 985 3284 aeque
1031 3230 1210 3275 bonum
1257 3231 1335 3275 dat
1380 3245 1585 3282 sensum,
1633 3231 1716 3275 sed
1762 3230 1943 3284 longius
1974 3230 2111 3275 distat
2140 3245 2169 3275 a

455 3326 617 3372 litteris
648 3326 841 3371 traditis.
