2566 3886
1143 266 1379 312 —30-

333 395 404 440 25.
466 405 512 440 et
544 396 696 441 dicam
729 397 835 442 licet
867 397 1070 442 Atraciis
1102 398 1316 443 considat
1347 399 1394 443 in
1428 398 1522 443 oris

571 500 617 536 et
648 491 757 536 licet
790 491 973 544 Hyleis,
1006 492 1083 537 illa
1113 493 1272 538 futura
1304 508 1409 538 mea
1439 502 1508 538 est

465 586 595 631 Ante
652 587 811 631 omnia
866 587 980 632 mihi
1026 596 1207 632 constat
1253 589 1343 633 hoc
1392 588 1590 633 disticho
1640 588 1928 634 mentionem
1976 589 2076 634 fieri
2123 590 2183 635 de

462 682 726 734 Illyriae
758 682 1039 736 regionibus,
1072 699 1181 728 nam
1215 683 1504 736 Illyriam
1539 698 1589 728 se
1621 684 1844 728 collatura
1877 692 1946 728 est
1978 683 2185 736 Cynthia

467 774 539 834 (v.
573 774 641 834 2),
676 777 862 829 Illyriae
908 786 1070 831 portus
1116 803 1174 809 —
1223 778 1393 823 Oricos
1431 794 1476 823 v.
1509 778 1567 823 20
1607 803 1647 808 —
1689 793 1792 823 eam
1825 778 2034 830 accipiet.
2067 778 2182 824 Non

465 873 723 924 adstipulor
751 873 888 926 igitur
921 873 1218 926 Housmano,
1240 874 1321 926 qui
1341 882 1578 926 assumpta
1592 873 1884 918 correctione
1900 873 1962 918 A.
1982 873 2183 919 Palmeri

467 967 750 1012 Artaciis
800 965 842 1025 ¹)
887 968 935 1012 in
975 968 1195 1014 breviore
1226 984 1367 1014 versu
1402 969 1670 1021 Hylaeis
1703 966 1746 1026 εἰ)
1777 970 1931 1022 legere
1962 969 2062 1013 vult
2093 969 2183 1014 hoc

466 1077 633 1108 sensu:
666 1063 899 1116 though
945 1065 1051 1108 she
1089 1064 1203 1108 sail
1235 1073 1294 1109 to
1326 1065 1430 1108 the
1462 1064 1612 1108 ends
1643 1064 1700 1108 of
1730 1065 1834 1108 the
1865 1065 2043 1108 earth
2075 1065 2183 1109 she

465 1158 626 1202 shall
658 1158 730 1202 be
762 1159 926 1203 mine
958 1156 1102 1216 (JPh.
1134 1158 1272 1211 XXI,
1304 1175 1349 1212 p.
1385 1156 1510 1215 183).

463 1252 649 1298 Collato
666 1252 824 1307 Steph.
843 1254 957 1307 Byz.
971 1251 1179 1309 ε’Υλλεῖς,
1196 1253 1340 1305 ἔθνος
1356 1253 1618 1312 Ἰλλυρικόν
1629 1254 1769 1308 vulgo
1785 1262 1912 1299 recte
1930 1253 1981 1298 H
1996 1269 2027 1306 y
2040 1254 2055 1298 l
2068 1255 2183 1300 leis

462 1349 681 1394 scribitur
730 1346 934 1406 (hylaeis
980 1349 1098 1401 AF3
1146 1348 1280 1393 hileis
1327 1346 1431 1406 N);
1478 1349 1593 1401 quid
1640 1358 1795 1393 tamen
1829 1349 1875 1393 in
1908 1350 2182 1394 hexametro

461 1443 764 1488 scribendum
801 1443 871 1495 sit,
901 1443 1023 1488 inter
1053 1443 1181 1487 viros
1208 1444 1371 1487 doctos
1403 1458 1498 1487 non
1531 1451 1732 1495 constat;
1778 1443 1854 1487 alii
1900 1443 2181 1487 Atraciis

460 1536 596 1596 (cum
640 1536 718 1596 N)
751 1547 953 1591 servant,
986 1538 1157 1591 quibus
1189 1553 1284 1583 non
1317 1539 1529 1583 concedo
1560 1537 1858 1590 adiecfivum,
1890 1539 2018 1590 quod
2051 1539 2176 1590 apud

462 1634 577 1679 alios
638 1634 888 1686 scriptores
949 1633 1363 1678 Thessalicus
1426 1633 1663 1686 significet,
1725 1633 1801 1677 hic
1863 1632 1989 1677 idem
2036 1641 2180 1685 atque

462 1729 586 1781 Illy
599 1744 623 1772 r
636 1729 650 1773 i
665 1743 690 1773 0
704 1744 735 1773 u
750 1743 772 1773 s
806 1743 922 1773 esse.
947 1727 1074 1773 Cum
1099 1727 1386 1772 Baehrensio
1403 1727 1580 1779 recipio
1596 1727 1759 1772 Volsci
1776 1727 2179 1772 emendationem:

457 1823 506 1867 A
520 1839 551 1868 u
565 1832 582 1867 t
599 1838 625 1868 a
638 1823 687 1868 ri
702 1823 756 1868 ci
771 1838 792 1867 s
808 1837 818 1875 ;
844 1823 1117 1868 Autariatae
1134 1823 1260 1867 enim
1278 1831 1468 1867 auctore
1486 1820 1715 1866 Strabone
1731 1830 1843 1875 gens
1861 1821 2047 1874 Illyrica
2063 1831 2177 1867 erat.

459 2013 513 2057 In
566 2015 710 2058 altera
761 2022 892 2067 parte
949 2014 1123 2066 elegiae
1175 2029 1316 2066 quam
1363 2023 1491 2059 recte
1536 2013 1693 2058 divisit
1741 2013 1928 2065 Lipsius
1975 2012 2181 2057 editores

458 2108 777 2153 coniecturam
827 2107 1054 2159 Fischeri,
1103 2108 1183 2160 qui
1234 2123 1400 2152 versus
1437 2107 1495 2152 45
1526 2117 1573 2152 et
1604 2107 1661 2152 46
1693 2115 1801 2160 post
1832 2106 1889 2152 36
1920 2107 2179 2159 transponit

458 2203 516 2247 ad
563 2218 712 2248 unum
759 2217 924 2247 omnes
970 2211 1199 2255 spernunt
1244 2204 1334 2247 hoc
1381 2211 1655 2256 argumento
1694 2202 1778 2256 usi,
1823 2202 1951 2254 quod
1993 2201 2181 2246 Ottonis

458 2297 616 2342 verbis
663 2295 1016 2354 (Versumstell.
1066 2297 1086 2341 Ι
1136 2312 1180 2349 p.
1220 2294 1274 2355 5)
1306 2297 1485 2341 citabo:
1532 2295 1734 2341 Schon
1779 2296 2043 2341 Richter
2079 2297 2181 2341 hat

457 2392 565 2437 auf
611 2393 724 2437 den
778 2379 1136 2437 Ubelstand
1196 2391 1647 2445 hingewiesen,
1701 2392 1840 2436 dass
1886 2392 1991 2436 das
2037 2390 2180 2435 Ver-

461 2487 735 2532 hfiltniss
792 2488 902 2531 der
957 2486 1266 2540 Tempora
1324 2483 1907 2545 (maluit-subducit-fugit)
1941 2489 2179 2539 gestort

460 2597 507 2626 w
519 2586 550 2626 ii
564 2597 588 2626 r
602 2583 632 2626 d
647 2598 688 2627 e.

458 2675 550 2721 Sed
613 2678 704 2721 hoc
765 2685 1091 2730 argumentum
1151 2676 1283 2720 nihili
1335 2676 1482 2721 facio:
1538 2692 1644 2721 nam
1700 2677 1737 2721 si
1792 2675 1889 2720 sub
1904 2676 1935 2719 d
1950 2691 1980 2720 u
1995 2675 2078 2720 cit
2130 2675 2178 2720 in

458 2787 479 2816 s
494 2772 611 2817 ubd
625 2787 694 2816 uc
708 2780 764 2817 et
794 2771 1083 2825 corrigimus,
1116 2771 1274 2816 omnia
1304 2771 1427 2816 bene
1451 2772 1739 2824 procedunt:
1758 2770 1949 2824 „maluit
1971 2769 2180 2822 Cynthia

459 2882 565 2912 mea
595 2882 698 2912 esse
730 2882 871 2920 quam
904 2875 1168 2919 praetorem
1200 2866 1332 2919 sequi
1365 2875 1411 2911 et
1442 2875 1570 2912 certo
1601 2868 1698 2913 scio
1730 2883 1833 2913 eam
1861 2870 1975 2915 mihi
1992 2885 2180 2923 semper

458 2963 599 3007 fidam
627 2977 909 3014 mansuram,
921 2977 1010 3007 nec
1022 2961 1217 3006 rivalem
1232 2976 1336 3006 eam
1352 2961 1465 3006 mihi
1479 2962 1824 3016 adempturum,
1839 2979 1948 3009 nam
1962 2965 2178 3017 quamvis

458 3066 625 3111 magna
654 3065 842 3111 praetor
872 3056 949 3101 ille
981 3055 1236 3101 ditissimus
1267 3056 1310 3100 'ei
1343 3056 1532 3101 offerret
1563 3072 1639 3102 me
1671 3072 1766 3102 non
1799 3059 1999 3112 reliquit,
2019 3074 2176 3114 neque

456 3167 641 3205 vereor,
685 3167 746 3197 ne
787 3167 863 3197 me
895 3166 1103 3204 unquam
1136 3151 1363 3196 deserat”.
1395 3151 1570 3197 Videte
1601 3161 1772 3205 autem,
1803 3168 1945 3206 quam
1978 3154 2174 3207 pulchre

372 3294 401 3341 ι)
452 3299 498 3332 cf.
525 3298 652 3338 Apon.
680 3297 799 3332 Rhod.
826 3297 916 3339 Arg,
942 3297 968 3337 1,
994 3296 1063 3331 954
1089 3307 1175 3337 ,ρῳ
1220 3280 1363 3332 καλὸς
1408 3281 1460 3325 δὲ
1503 3281 1645 3339 λιμὴν
1689 3283 1917 3328 ὑπέδεκτο
1962 3283 2175 3327 ’θέουσαν

457 3369 608 3424 κρήνῃ
640 3364 718 3410 ὑπ’
743 3364 958 3423 Ἀρτακίῃ

369 3450 399 3496 ¹)
451 3453 594 3488 Herod.
620 3454 686 3493 lv,
714 3453 748 3486 9.
775 3453 831 3487 54.
859 3452 915 3486 55.
943 3452 1000 3486 76.
