2566 3886
1094 271 1359 318 —257—

447 404 754 450 Housmanus
784 412 941 449 tamen
973 401 1117 462 (JPh.
1149 403 1284 454 XXI,
1318 417 1364 456 p.
1398 400 1510 460 148)
1540 401 1790 447 lectionem
1822 416 1985 446 veram
2016 400 2155 446 huius

443 498 532 544 loci
564 498 731 552 partim
763 513 822 544 ex
854 498 915 551 O,
947 497 1115 551 partim
1148 513 1207 543 ex
1225 497 1274 543 N
1292 498 1558 543 ducendam
1575 511 1678 542 esse
1694 505 1854 542 censet
1870 510 2156 549 versumque

445 594 510 638 sic
543 593 750 639 scribere
780 594 906 638 vult:

562 688 684 732 inter
713 702 832 741 quos
865 687 1055 733 Helene
1086 687 1225 733 nudis
1256 696 1431 733 armata
1462 687 1644 741 papillis

682 783 842 835 fertur,
873 797 962 828 nec
993 783 1157 828 batres
1187 782 1430 828 erubuisse
1462 783 1603 835 de0s;

449 877 682 932 Ecmidem
714 878 968 923 infinitivos
998 877 1255 932 praesentis
1287 886 1333 923 et
1364 876 1559 930 perfecti
1576 874 1911 934 coniunctim¹)
1927 875 2158 921 adhibitos

446 973 659 1019 librarios
705 972 955 1018 offendisse
1002 973 1160 1025 credo,
1207 972 1288 1027 qui
1334 980 1570 1017 armata
1601 981 1679 1017 aut
1711 981 1800 1017 est
1831 980 2070 1017 armata
2099 986 2159 1016 ex

446 1068 715 1114 coniectura
744 1082 1013 1120 reposuere.
1047 1067 1266 1113 Fortasse
1296 1076 1453 1112 tamen
1470 1067 1694 1112 lectiones
1712 1066 1758 1112 Ο
1775 1066 2015 1120 quomodo
2031 1073 2160 1110 ortae

448 1163 552 1215 sint,
600 1163 857 1216 Postgatius
899 1162 1070 1208 rectius
1117 1162 1329 1216 explicat,
1378 1162 1459 1216 qui
1490 1160 1599 1220 (On
1631 1162 1806 1208 certain
1840 1161 2083 1206 Manuscr.
2115 1159 2163 1204 oi

449 1258 590 1312 Prop.
636 1273 681 1311 p.
728 1255 813 1315 24)
858 1257 924 1303 sic
971 1258 1198 1311 disputat:
1246 1257 1435 1311 „There
1482 1259 1564 1303 has
1612 1259 1842 1303 occurred
1880 1271 1972 1302 one
2003 1257 2052 1301 οἱ
2081 1257 2161 1300 the

448 1353 801 1407 transpositions
846 1354 902 1398 of
940 1354 1099 1398 words
1145 1353 1302 1398 which
1348 1353 1538 1398 abound
1586 1352 1634 1397 in
1667 1351 1803 1396 Latin
1837 1351 2161 1404 manuscripts.

450 1448 563 1494 And
611 1449 690 1494 the
720 1448 935 1502 readings
966 1448 1022 1493 of
1046 1447 1092 1493 O
1124 1463 1205 1493 are
1236 1447 1434 1493 derived
1464 1447 1587 1492 from
1621 1461 1779 1499 „arma
1809 1461 1925 1499 cape
1956 1445 2161 1500 capillis”

449 1541 548 1602 (for
592 1543 774 1596 papillis
818 1543 856 1588 is
894 1543 1042 1588 found
1074 1544 1186 1596 only
1217 1543 1265 1588 in
1299 1541 1391 1600 N),
1423 1543 1521 1587 that
1552 1542 1600 1587 oi
1630 1541 1670 1586 F
1690 1541 1737 1586 D
1754 1540 1803 1586 V
1834 1541 2066 1594 „armata”
2099 1540 2162 1593 by

451 1639 530 1684 the
560 1639 653 1684 loss
683 1638 739 1684 of
749 1640 866 1693 „pe”
883 1639 1047 1685 before
1065 1638 1169 1692 „pi”
1193 1639 1285 1683 and
1302 1639 1382 1683 the
1413 1638 1591 1691 change
1622 1636 1670 1683 of
1699 1651 1726 1681 c
1758 1645 1805 1682 to
1836 1644 1854 1681 t
1883 1633 1953 1694 (F
1984 1636 2164 1681 further

450 1732 688 1787 intruding
717 1734 810 1779 and
843 1734 1006 1789 ,‚est’').

450 1826 542 1873 Sed
556 1827 786 1882 quidquid
804 1828 851 1873 id
869 1837 952 1880 est,
970 1836 1180 1873 nostrum
1198 1829 1354 1873 locum
1372 1827 1427 1872 iis
1450 1827 1857 1872 adnumerandum
1875 1841 1977 1872 esse
1994 1826 2164 1880 quibus

453 1921 503 1967 N
520 1937 688 1967 verum
707 1922 966 1968 servaverit
986 1931 1149 1968 contra
1165 1922 1503 1968 Baehrensium
1523 1930 1570 1968 et
1594 1922 1926 1968 Housmanum
1944 1922 2164 1967 defendo.

321 2111 393 2157 28.
455 2120 524 2157 est
555 2126 710 2166 neque
740 2113 958 2158 adoratae
990 2127 1103 2158 cura
1134 2112 1328 2158 molesta
1358 2113 1501 2158 domi.

440 2205 516 2252 Sic
558 2221 723 2252 versus
764 2207 931 2261 legitur
972 2207 1019 2253 in
1064 2207 1129 2260 N,
1174 2217 1220 2252 et
1250 2208 1316 2253 sic
1347 2222 1537 2261 quoque
1568 2208 1664 2252 edit
1695 2207 2039 2261 PhilIimorius3
2070 2222 2166 2252 non

454 2309 608 2347 tamen
637 2316 755 2354 opus
782 2310 851 2347 est
879 2302 1038 2348 dicere
1066 2303 1182 2348 haec
1208 2316 1349 2347 sensu
1372 2317 1501 2347 cassa
1522 2316 1651 2354 esse3
1683 2317 1839 2355 neque
1855 2301 2166 2347 dubitandum

454 2404 536 2448 est,
568 2395 682 2450 quin
714 2395 949 2442 Canterus
980 2406 1107 2442 recte
1139 2397 1426 2442 emendarit:

604 2500 674 2536 est
704 2506 859 2545 neque
890 2492 1110 2538 odoratae
1141 2507 1255 2538 cura
1285 2492 1480 2538 molesta
1510 2507 1734 2544 comae,

454 2601 595 2638 quam
639 2587 955 2632 coniecturam
1000 2587 1304 2632 certissimam
1348 2602 1451 2633 esse
1493 2587 1595 2632 iure
1638 2587 1879 2632 contendit
1918 2587 2167 2632 Housman

454 2679 597 2737 (JPh.
629 2681 766 2733 XXI,
798 2697 843 2734 p.
878 2679 989 2739 157)
1020 2682 1187 2726 collato
1219 2681 1314 2727 Ov.
1346 2682 1408 2726 A.
1441 2681 1502 2726 A.
1535 2696 1676 2726 versu
1709 2682 1771 2734 ΙΙ,
1803 2681 1915 2726 734:

607 2784 823 2829 sertaque
853 2777 1156 2822 odoratae
1187 2785 1369 2829 myrtea
1399 2777 1515 2821 ferte
1546 2791 1768 2822 comae.

457 2868 584 2914 Nam
615 2870 939 2914 hexametrum
971 2885 1161 2923 quoque
1193 2870 1395 2915 imitatus
1426 2879 1495 2915 est
1526 2870 1659 2915 Naso
1691 2871 1815 2915 Fast.
1849 2871 1910 2923 11,
1943 2870 2055 2915 734:
2093 2872 2170 2916 ial-

457 2963 605 3008 lentes
636 2963 812 3008 lumina
843 2972 1011 3008 vestes.

460 3057 570 3102 Hoc
618 3059 754 3111 igitur
799 3059 903 3102 loco
947 3058 992 3103 Ο
1037 3058 1254 3103 meliores
1296 3067 1417 3110 sunt,
1462 3073 1603 3112 quam
1648 3058 1726 3111 N;
1770 3060 1891 3103 hanc
1933 3068 2090 3104 tamen
2123 3058 2168 3104 O

458 3152 706 3196 lectionem
753 3152 1048 3197 coniecturae
1091 3168 1187 3197 non
1231 3152 1394 3197 deberi
1438 3167 1575 3204 posse
1617 3162 1824 3206 apparet,
1868 3168 1976 3198 cum
2014 3168 2170 3206 neque

458 3246 760 3291 odoratae
803 3261 958 3299 neque
1004 3248 1318 3299 odoratae,
1350 3247 1387 3291 si
1420 3247 1581 3291 domi
1612 3248 1835 3301 sequitur,
1864 3248 2012 3292 ullum
2042 3263 2171 3300 prae-

460 3339 567 3384 beat
597 3355 799 3385 sensum.

378 3445 405 3490 ι)
454 3449 500 3482 cs.
528 3449 716 3483 Rotheinii
742 3450 1032 3490 adnotationem,
1058 3456 1096 3483 et
1122 3449 1217 3483 Hor.
1239 3449 1284 3484 C.
1312 3450 1343 3483 1.
1371 3450 1425 3484 16.
1454 3451 1512 3494 13,
1537 3452 1599 3484 ubi
1626 3451 1710 3485 vide
1738 3451 1958 3485 Bentleium.

2031 3522 2076 3558 17
