2566 3886
1120 254 1388 300 -118—

454 386 584 438 Quid
638 387 728 431 hoc
780 386 885 431 loco
931 385 1019 430 sibi
1066 386 1167 430 vult
1212 385 1507 431 coniunctio:
1554 401 1586 438 q
1603 401 1634 430 u
1651 400 1760 430 are
1776 384 1803 430 P
1850 385 2171 431 Rothsteinius

454 482 590 527 nobis
637 482 785 526 dicet:
834 481 956 533 „Die
1002 480 1431 526 leidenschaffliche
1479 480 1723 534 Erregung
1765 481 1843 526 hat
1886 480 1986 526 sich
2028 489 2171 526 etwas

454 577 694 630 beruhigt3
727 577 810 621 mit
856 592 887 629 q
906 592 936 621 u
953 591 1062 621 are
1108 576 1207 629 ffigt
1237 576 1336 621 sich
1368 576 1454 621 der
1486 575 1684 620 Dichter
1700 575 1747 620 in
1765 576 1847 621 das
1863 575 2173 622 Unabiinder-

454 673 590 724 liche,
652 671 766 716 aber
810 671 1025 725 zugleich
1071 671 1294 715 versucht
1339 686 1392 715 er
1438 671 1593 716 seiner
1640 670 1895 716 Geliebten
1942 669 2172 725 dieienige

454 767 741 820 Auffassung
786 767 870 811 des
913 781 1069 811 neuen
1113 766 1461 811 Verhfiltnisses
1492 766 1846 820 beizubringen.
1877 767 1955 812 die
1985 767 2060 812 fiir
2090 767 2172 812 ihn

455 863 579 907 noch
611 862 1037 915 verhiiltnismiissig
1068 861 1249 915 giinstig
1279 861 1380 906 ist”.

454 958 604 1002 Vides
656 958 744 1002 hac
797 957 1107 1010 explicatione
1160 956 1276 1002 nihil
1329 957 1565 1010 explicari.
1614 957 1811 1010 Versus,
1858 959 2020 1010 quales
2065 967 2173 1004 sunt

454 1054 680 1106 septimus
723 1062 770 1099 et
810 1061 1003 1098 octavus
1034 1061 1138 1106 post
1169 1061 1352 1098 sextum
1384 1061 1512 1098 recte
1543 1068 1593 1098 se
1624 1052 1800 1098 habere
1831 1061 2050 1107 possunt:
2082 1054 2173 1099 hoc

456 1166 551 1195 non
612 1159 745 1203 nego,
804 1150 887 1194 sed
946 1164 1084 1202 posse
1136 1149 1262 1203 iungi
1309 1149 1640 1194 coniunctione
1687 1164 1718 1201 q
1736 1164 1893 1194 uare
1931 1164 2173 1203 nunquam

454 1247 659 1291 credam.
692 1244 739 1290 Si
772 1244 1161 1298 praecedentibus
1193 1244 1409 1289 versibus
1441 1244 1701 1289 diceretur:
1750 1259 1780 1288 n
1798 1259 1829 1288 u
1847 1259 1878 1288 n
1895 1258 1921 1288 c
1968 1259 2015 1289 m
2033 1259 2064 1289 u
2081 1260 2112 1290 n
2130 1259 2175 1290 e-

457 1341 647 1386 ribus
709 1348 946 1385 ornata
1007 1354 1087 1391 es,
1150 1354 1322 1384 nunc
1384 1347 1707 1384 contenta
1767 1354 1915 1384 esse
1969 1348 2174 1391 potes,

456 1446 568 1482 tunc
617 1452 696 1490 qu
713 1451 822 1481 are
869 1443 996 1480 recte
1028 1450 1078 1480 se
1110 1435 1317 1480 haberet.
1350 1434 1529 1480 Nostro
1561 1436 1666 1480 loco
1711 1450 1743 1488 q
1760 1451 1791 1480 u
1808 1450 1917 1480 are
1964 1435 2175 1488 ineptum

455 1548 693 1585 sensuque
725 1547 909 1577 cassum
941 1539 1024 1577 est.

453 1627 545 1673 Sed
591 1628 629 1672 si
676 1627 973 1681 perlegimus,
1020 1643 1172 1673 novae
1215 1626 1351 1672 nobis
1396 1634 1650 1672 occurrunt
1681 1626 1984 1672 difficultates·
2018 1626 2176 1672 Unus·

454 1723 655 1777 quisque
691 1723 819 1768 enim
851 1722 982 1768 videt
1012 1730 1357 1775 pentametrum
1392 1721 1447 1766 12
1479 1730 1525 1767 et
1555 1722 1880 1767 hexametrum
1915 1721 1983 1774 17,
2015 1722 2097 1776 qui
2128 1722 2176 1767 in

455 1819 587 1864 initio
618 1818 793 1863 habent
840 1833 861 1863 s
878 1834 904 1864 e
922 1834 968 1863 m
986 1833 1061 1871 pe
1078 1833 1115 1871 r,
1162 1818 1423 1871 iungendos
1455 1832 1571 1862 esse.
1606 1816 1863 1886 Emphasin
1893 1818 2020 1863 enim
2036 1818 2178 1864 habet

455 1915 532 1960 illa
574 1915 826 1967 anaphora.
870 1914 939 1959 Ut
982 1914 1030 1959 in
1072 1914 1314 1960 codicibus
1346 1914 1562 1967 leguntur
1593 1928 1773 1965 versus,
1805 1913 1964 1958 omnia
1995 1912 2178 1959 turbata

455 2019 576 2055 sunt.
595 2010 723 2055 Nam
745 2010 1077 2054 transferamus
1094 2024 1260 2055 versus
1277 2010 1324 2054 in
1344 2024 1611 2054 sermonem
1629 2009 1923 2062 pedestrem:
1941 2007 2179 2061 „Cynthia

458 2106 574 2150 nihil
618 2113 749 2150 curat
792 2105 881 2150 nisi
912 2119 1026 2157 opes
1058 2113 1104 2149 et
1135 2103 1399 2157 pecuniam,
1431 2112 1477 2149 at
1506 2112 1556 2149 tu
1589 2119 1811 2149 succurre
1843 2103 2016 2149 misero
2047 2103 2177 2157 mihi,

458 2217 487 2246 o
532 2201 744 2246 Venus’'.
793 2200 964 2252 Quivis
1010 2200 1141 2244 videt
1186 2200 1302 2245 haec
1346 2214 1441 2244 non
1487 2200 1754 2251 cohaerere,
1799 2200 1915 2244 haec
1959 2199 2080 2244 inter
2126 2214 2177 2244 se

459 2296 635 2349 opponi
667 2311 763 2340 non
795 2310 946 2348 posse.

457 2392 712 2445 Postquam
766 2400 903 2444 poeta
955 2391 1067 2436 dicit
1120 2405 1178 2442 „o
1209 2390 1440 2443 Juppiter,
1473 2390 1628 2442 puella
1673 2404 1779 2434 mea
1824 2389 2013 2443 indigne
2058 2389 2180 2442 perit

457 2488 692 2540 mercede,
739 2487 1087 2541 languidissime
1134 2487 1371 2539 sequitur:
1403 2501 1525 2531 nam
1557 2500 1775 2538 semper
1806 2485 1860 2530 in
1893 2484 2177 2530 Oceanum

460 2583 627 2628 mittit
659 2597 742 2627 me
773 2597 1046 2635 quaerere
1076 2591 1326 2636 gemmas.

459 2678 610 2724 Vides
657 2693 752 2723 non
790 2693 887 2723 uno
934 2686 1113 2723 tantum
1157 2678 1263 2723 loco
1306 2676 1596 2722 difficultates
1628 2691 1678 2722 se
1711 2675 1847 2721 nobis
1878 2675 2063 2728 offerre,
2095 2676 2179 2721 sed

459 2774 608 2820 tribus
656 2774 880 2827 deinceps
926 2773 1053 2818 locis.
1103 2772 1211 2818 Hae
1257 2781 1436 2826 graves,
1484 2787 1579 2817 non
1621 2772 1847 2826 tegendae
1891 2770 2180 2816 difficultates

459 2870 581 2916 facili
627 2869 839 2915 remedio
886 2868 1037 2915 sanari
1084 2876 1304 2921 possunt:
1351 2866 1640 2919 transpositis
1685 2865 1901 2911 versibus
1950 2865 2002 2911 ll
2045 2874 2092 2911 et
2124 2865 2180 2911 12

462 2974 566 3019 post
596 2964 639 3017 6,
674 2965 727 3010 17
760 2973 807 3010 et
839 2963 895 3009 18
927 2972 1031 3017 post
1065 2963 1134 3009 12.
1167 2963 1245 3008 Fit
1276 2962 1413 3017 igitur
1444 2962 1663 3008 carminis
1694 2961 1878 3007 initium
1909 2961 2022 3006 hoc:

462 3062 658 3107 Praetor
689 3061 748 3106 ab
780 3060 980 3113 Illyricis
1011 3059 1142 3105 venit
1173 3059 1331 3111 modo,
1364 3058 1587 3111 Cynthia,
1620 3058 1771 3110 terris,

614 3156 818 3202 maxima
848 3155 1024 3209 praeda
1053 3154 1151 3207 tibi,
1184 3154 1388 3199 maxima
1419 3168 1533 3199 cura
1563 3153 1703 3206 mihi3

465 3267 561 3298 non
593 3252 744 3306 potuit
774 3266 886 3297 saxo
917 3250 1062 3295 vitam
1094 3249 1305 3302 posuisse
1338 3246 1601 3294 Cerauno?

615 3362 655 3400 a,
689 3346 930 3400 Neptune,
962 3345 1046 3391 tibi
1077 3344 1233 3398 qualia
1262 3345 1388 3389 dona
1418 3342 1605 3388 dareml

466 3458 593 3489 nunc
624 3443 726 3489 sine
758 3457 835 3488 me
867 3441 1008 3496 plena
1038 3440 1155 3487 fiunt
1186 3437 1407 3486 convivia
1438 3452 1613 3491 mensa,
