2566 3886
319 1540 391 1585 21.

326 2968 397 3014 26.

1108 266 1373 311 —220—

450 395 756 440 Recentiores
787 395 1004 449 editores,
1036 396 1282 441 Vahlenus
1321 396 1584 442 Muellerus
1622 397 1958 452 Rothsteinius,
2001 400 2165 454 recipi-

450 499 535 535 unt
565 491 883 535 coniecturam
917 491 1234 536 Lachmanni:
1268 491 1502 536 Parcae
1534 492 1649 536 die.

452 585 526 630 Ex
573 585 853 631 Rothsteinii
899 586 1306 639 interpretatione:
1340 601 1478 638 „man
1510 587 1613 632 thut
1645 596 1723 640 gut
1754 588 1853 632 sich
1885 588 1967 632 das
1999 588 2164 633 Leben

449 697 511 726 zu
543 682 768 733 erhalten,
800 682 871 727 bis
902 697 953 727 es
971 683 1047 727 die
1065 682 1323 727 Parzezers
1333 682 1476 734 tort'’,
1493 692 1686 736 apparet
1703 698 1806 727 eam
1824 683 2165 728 correctionem

450 791 640 821 sensum
672 777 786 821 dare
817 777 926 822 huic
957 777 1062 822 loco
1093 792 1189 822 non
1220 786 1395 829 aptum.
1428 776 1556 822 Nam
1588 777 1626 822 si
1658 777 1763 830 quis
1793 777 1855 822 ob
1872 777 2107 823 stultitiam
2118 778 2167 823 in

450 872 567 916 mari
598 881 676 917 aut
706 872 755 917 in
787 873 886 917 acie
918 873 1052 926 perit,
1085 888 1140 918 ea
1171 888 1362 926 quoque
1395 888 1521 918 mors
1538 882 1639 918 acta
1654 873 1784 918 venit
1801 873 1878 918 die
1896 873 2165 919 Parcarum.

452 966 642 1019 Sensus
672 982 815 1021 quem
847 968 1015 1021 flagitat
1047 977 1293 1013 contextus
1324 983 1494 1021 arsque
1525 968 1686 1022 logica,
1718 969 1794 1013 hic
1826 978 1918 1014 est:
1936 969 2166 1022 optimum

452 1071 522 1108 est
565 1062 699 1114 mori,
747 1078 856 1107 cum
902 1063 1144 1108 confectus
1180 1063 1315 1107 annis
1347 1063 1490 1107 vitam
1523 1063 1762 1117 relinquis.
1796 1063 1944 1108 Hunc
1976 1078 2166 1109 sensum

451 1158 649 1203 restituit
665 1158 930 1203 emendatio
949 1158 1221 1203 Baehrensii
1242 1156 1299 1215 1);
1317 1173 1343 1202 c
1357 1173 1383 1202 a
1393 1174 1417 1202 r
1429 1173 1460 1210 p
1473 1167 1491 1202 t
1504 1173 1531 1203 a
1561 1173 1654 1212 qua
1670 1167 1858 1212 recepta
1873 1158 2012 1203 etiam
2029 1158 2168 1204 lectio

450 1262 591 1306 apta
635 1253 683 1298 in
716 1261 844 1298 textu
875 1254 1096 1306 ponenda
1126 1262 1208 1298 est.
1243 1253 1339 1298 Hic
1371 1254 1501 1298 locus
1533 1253 1587 1298 iis
1619 1253 1755 1307 igitur
1785 1254 2168 1299 adnumerandus

453 1358 536 1402 est,
568 1349 739 1403 quibus
774 1349 821 1394 D
838 1349 887 1393 V
918 1364 1086 1394 verum
1118 1358 1378 1394 servarunt.

453 1555 530 1585 me
561 1539 691 1584 iuvet
723 1548 769 1584 et
799 1540 947 1584 multo
979 1547 1185 1584 mentem
1220 1539 1402 1584 vincire
1434 1539 1610 1592 Lyaeo.

454 1634 529 1680 Sic
576 1636 734 1688 legunt
779 1635 912 1679 multi
958 1634 1178 1679 editiores
1224 1649 1334 1679 cum
1382 1634 1504 1686 NF;
1551 1634 1599 1678 in
1647 1633 1744 1678 DV
1774 1642 1930 1679 tamen
1979 1634 2135 1679 iuva
2153 1642 2171 1679 t

454 1730 705 1775 invenitur.
739 1730 929 1774 Initium
961 1729 1107 1774 nostri
1138 1743 1305 1774 versus
1335 1738 1559 1783 congruat
1581 1744 1774 1774 necesse
1790 1738 1860 1774 est
1875 1744 1985 1774 cum
2002 1744 2168 1775 versus

454 1825 825 1878 undevicesimi;
872 1825 948 1870 hic
979 1833 1135 1869 autem
1167 1824 1231 1869 iu
1248 1839 1280 1869 v
1297 1833 1354 1868 at
1384 1823 1559 1869 habent
1589 1839 1754 1868 omnes
1786 1824 1998 1877 codices;
2031 1839 2170 1877 quae-

453 1921 571 1966 ritur
583 1920 734 1974 igitur,
751 1929 908 1965 utrum
929 1929 1130 1972 utroque
1162 1935 1304 1965 versu
1336 1920 1399 1965 iu
1416 1936 1447 1965 v
1464 1935 1491 1965 a
1506 1929 1524 1965 t
1555 1935 1613 1965 an
1645 1920 1709 1965 iu
1726 1936 1758 1965 v
1774 1935 1802 1965 e
1818 1929 1836 1964 t
1865 1920 2168 1965 scribendum

455 2016 525 2061 sit.
558 2015 797 2060 Sententia
826 2015 903 2060 hic
934 2015 1192 2060 decernere
1224 2015 1390 2068 debet;
1422 2015 1536 2069 quid
1568 2016 1694 2060 aliud
1726 2024 1881 2060 autem
1897 2024 2170 2068 exspectare

454 2125 717 2165 possumuS‚
764 2110 852 2155 nisi
899 2110 1205 2155 indicativum
1224 2109 1251 2155 P
1294 2109 1436 2155 Suam
1489 2111 1616 2155 enim
1663 2111 1934 2163 opinionem
1983 2119 2170 2164 poetam

454 2207 652 2252 aliorum
684 2206 851 2251 rationi
868 2205 1062 2251 vivendi
1079 2221 1221 2258 quam
1238 2205 1502 2250 firmissime
1519 2220 1760 2259 opponere
1776 2207 1899 2251 velle
1916 2221 2058 2251 nemo
2072 2221 2168 2251 non

454 2301 677 2355 intelligit.
710 2301 844 2346 Idem
876 2301 1043 2346 vitium
1075 2302 1254 2346 occurit
1272 2301 1332 2345 ΙΙ.
1367 2300 1437 2345 13.
1467 2301 1536 2353 11,
1554 2301 1615 2346 ΙΙ.
1630 2300 1701 2345 34.
1719 2299 1791 2353 59,
1812 2301 1892 2346 ubi
1910 2301 2170 2346 videndum

456 2406 539 2449 est,
586 2412 711 2450 quae
742 2397 1104 2442 observarimus.
1144 2396 1466 2441 Rothsteinius
1512 2396 1686 2450 aliquid
1734 2397 2010 2441 mutandum
2070 2411 2173 2441 esse

457 2493 723 2539 concedens
753 2493 871 2537 falso
902 2492 1086 2537 iuvat
1117 2507 1259 2537 versu
1293 2491 1348 2536 19
1379 2491 1427 2536 in
1460 2492 1570 2536 iuv
1589 2500 1649 2536 et
1680 2500 1840 2536 mutat.

457 2692 720 2728 mentem
766 2682 1018 2727 vincire
1056 2682 1170 2726 mihi
1203 2696 1297 2727 non
1330 2690 1603 2735 corruptum
1635 2681 1848 2733 videtur;
1896 2681 1992 2726 vid.
2025 2681 2169 2727 Roth-

460 2778 693 2823 steinium.

458 2968 563 3023 quis
595 2969 712 3013 deus
742 2969 864 3012 hanc
895 2967 1060 3012 mundi
1091 2975 1322 3020 temperet
1352 2975 1450 3012 arte
1483 2967 1678 3011 domum

462 3064 742 3109 Rothsteinii
788 3062 1103 3108 infelicissima
1148 3062 1309 3115 opinio
1355 3079 1386 3116 q
1403 3062 1504 3107 uis
1550 3076 1636 3114 pro
1668 3061 1978 3114 „pronomine
2013 3060 2175 3106 indefi-

460 3159 587 3203 nito'’
619 3158 832 3203 habentis
863 3155 985 3215 (vid.
1018 3158 1118 3202 eius
1148 3155 1524 3215 adnotationem)
1572 3156 1747 3209 optime
1793 3157 1988 3201 refutata
2033 3164 2102 3200 est
2147 3170 2175 3200 a

462 3253 711 3298 Lechnero
750 3251 1192 3311 (Properzstudien‚
1225 3253 1303 3297 Pr.
1335 3251 1513 3305 Gymn.
1546 3251 1797 3304 Bayreuth,
1831 3250 2097 3308 1906s1907,
2129 3265 2174 3304 p.

378 3382 403 3428 ι)
454 3387 669 3421 Baehrensii
694 3387 946 3421 coniecturam
972 3387 1127 3427 probant
1154 3386 1339 3420 Hartman
1364 3382 1415 3428 (in
1440 3381 1611 3428 schedis),
1626 3385 1782 3425 Woltier
1804 3385 1842 3418 in
1856 3384 2173 3425 praestanti-nimo

328 3459 435 3499 libro,
461 3459 520 3492 cui
542 3459 690 3493 titulun:
717 3458 821 3493 Serta
849 3456 1038 3493 Romana⁴
1063 3470 1096 3498 p.
1125 3458 1202 3492 117.
