2566 3886
1135 240 1402 288 ..284-

348 366 509 412 9-12.
573 367 647 413 En
691 383 856 414 versus
900 369 1171 422 difficillimi,
1214 385 1417 424 quorum
1460 384 1649 416 sensum
1694 371 1898 418 editores
1939 388 2035 418 non
2077 374 2199 420 bene

482 473 723 518 ceperunt.
757 463 981 519 Namque
1012 464 1226 519 plerique
1258 465 1347 510 viri
1380 465 1505 510 docti
1537 465 1694 511 locum
1726 466 1792 512 sic
1823 467 2138 521 scripserunt:

634 559 763 612 quod
795 559 910 605 mihi
941 575 1037 605 non
1069 560 1204 614 patrii
1234 568 1449 614 poterant
1478 569 1692 606 avertere
1723 561 1875 614 amici,

701 654 861 699 eluere
892 663 971 700 aut
1000 663 1133 700 vasto
1163 654 1389 701 Thessala
1418 664 1525 709 saga
1554 655 1686 701 mari.

637 751 753 796 haec
785 759 871 804 ego
903 765 999 796 non
1030 751 1170 803 ferro,
1202 766 1298 796 non
1331 751 1436 805 igne
1467 760 1655 797 coactus
1686 760 1733 798 et
1763 752 1864 806 ipsa

696 845 946 900 naufragus
976 846 1167 901 Aegaea
1197 861 1312 892 vera
1341 846 1519 892 fatebar
1546 862 1680 901 aqua,

486 940 733 987 Passeratii
765 941 1035 987 coniectura
1065 957 1216 987 vera
1246 957 1332 995 pro
1364 942 1557 988 verba
1587 951 1633 988 et
1665 943 1890 989 Italorum
1910 945 2203 992 correctione

486 1036 735 1082 fatebar
765 1052 852 1090 pro
884 1037 1133 1083 fatebor
1163 1037 1261 1090 usi;
1294 1037 1467 1083 deinde
1499 1037 1565 1083 sic
1597 1037 1987 1092 interpretantur=
2019 1055 2203 1095 „neque

485 1132 579 1186 igni
621 1147 778 1186 neque
819 1133 947 1178 ferro
978 1141 1126 1178 tortus
1158 1148 1314 1187 neque
1346 1133 1394 1178 in
1426 1133 1651 1187 naufragii
1683 1133 1894 1186 periculo
1926 1134 2203 1182 constitutus

486 1227 587 1281 cogi
630 1236 738 1273 ante
781 1236 1007 1282 poteram,
1051 1237 1102 1274 ut
1133 1228 1302 1274 faterer
1338 1229 1456 1274 haec
1487 1244 1601 1274 vera
1632 1244 1735 1275 esse
1771 1244 1892 1283 quae
1924 1245 2052 1276 nunc
2083 1231 2202 1277 dixi:

488 1338 661 1376 nempe
693 1321 948 1375 Cynthiam
981 1339 1077 1369 non
1109 1339 1212 1370 esse
1240 1324 1537 1370 formosam”.
1556 1324 1698 1370 Hanc
1721 1325 2079 1379 explicationem
2101 1326 2205 1373 iure

488 1419 723 1473 improbat
765 1419 839 1464 vir
878 1420 1044 1465 doctus
1086 1419 1286 1474 Risberg
1327 1417 1603 1478 (Emendat.
1635 1428 1683 1466 et
1711 1421 1833 1474 expl.
1865 1436 1910 1474 p.
1943 1418 2041 1479 46),
2072 1422 2206 1469 cuius

489 1514 636 1561 verba
692 1515 768 1561 hic
824 1515 1003 1561 citabo:
1051 1524 1131 1568 „ut
1160 1515 1370 1561 omittam
1402 1516 1530 1570 quod
1561 1516 1621 1561 ad
1665 1524 1723 1561 et
1766 1513 1837 1574 (v.
1869 1513 1951 1574 11)
1982 1516 2207 1569 particula

488 1611 689 1664 negandi
726 1610 961 1656 audienda
1000 1620 1083 1664 est,
1115 1612 1356 1664 quomodo
1387 1611 1538 1665 potuit
1570 1611 1808 1665 naufragio
1839 1611 1940 1666 cogi
1972 1612 2031 1657 ad
2061 1611 2206 1659 faten-

489 1707 603 1752 dum
636 1706 892 1759 Cynthiam
924 1707 1176 1752 formosam
1208 1721 1305 1752 non
1337 1721 1439 1752 esse
1452 1705 1479 1750 P
1513 1706 1668 1752 Immo
1699 1722 1815 1752 vero
1846 1722 1950 1754 esse
1980 1723 2085 1754 eam
2115 1708 2207 1754 for·

489 1817 683 1856 mosam,
725 1803 844 1849 sicut
881 1803 996 1849 dixit
1028 1803 1064 1855 Ι,
1099 1803 1168 1856 17,
1203 1802 1259 1849 16
1289 1803 1338 1848 id
1369 1802 1523 1856 ipsum
1555 1803 1778 1857 naufragii
1810 1804 1986 1850 malum
2017 1819 2206 1858 passus:

488 1899 704 1954 quamvis
736 1900 868 1952 dura,
900 1908 1057 1945 tamen
1073 1914 1178 1945 rara
1200 1899 1355 1954 puella
1376 1898 1477 1944 fuit.
1505 1898 1695 1944 Deinde
1717 1913 1858 1953 quam
1882 1899 2039 1954 inepte
2070 1900 2206 1946 haec

489 1993 561 2053 (v.
594 1993 676 2053 11)
706 1995 967 2049 explicatur
997 1994 1284 2048 „Cynthiam
1317 2010 1425 2040 non
1457 2009 1560 2040 esse
1590 1994 1890 2047 formosam”,
1918 2009 2028 2041 cum
2060 1996 2207 2050 quod

489 2089 562 2150 (v.
579 2089 634 2150 9)
665 2092 1030 2146 intellegendum
1071 2091 1288 2137 videatur
1330 2090 1617 2144 „Cynthiam
1660 2105 1763 2136 esse
1803 2091 2086 2139 formosam”
2130 2092 2208 2138 vel

490 2203 700 2234 amorem
732 2203 892 2234 meum
924 2187 972 2233 in
1005 2186 1307 2241 Cynthiam'’.
1340 2185 1508 2239 Quid?
1531 2186 1659 2240 quod
1694 2200 1812 2231 non
1845 2183 1988 2244 (non
2021 2187 2208 2240 ferro,

490 2299 609 2330 non
650 2280 814 2341 igne)
845 2283 906 2328 de
937 2282 1182 2336 participio
1213 2290 1468 2327 coactus
1499 2281 1741 2327 revulsum
1779 2281 1929 2327 verbo
1959 2281 2209 2328 fatebar

490 2379 770 2431 obtruditur,
804 2378 936 2432 quasi
968 2377 1241 2431 Propertius
1273 2377 1431 2422 dicere
1462 2377 1619 2429 vellet,
1646 2376 1825 2421 ferrum
1857 2385 1903 2421 et
1934 2376 2089 2430 ignem
2106 2391 2208 2422 esse

491 2475 538 2520 in
570 2490 621 2520 se
652 2473 858 2520 adhibita
870 2473 925 2518 ?”

493 2676 651 2722 Aliam
682 2675 808 2721 viam
841 2674 1034 2729 ingressi
1067 2682 1175 2720 sunt
1208 2672 1551 2727 Hertzbergius
1584 2673 1785 2725 Paleyus
1818 2671 2089 2726 Postgatius„
2127 2672 2208 2727 qui

493 2774 649 2818 locum
681 2772 747 2818 sic
778 2771 1014 2817 scribunt}

645 2868 788 2920 Quod
821 2866 935 2912 mihi
967 2881 1063 2912 non
1095 2864 1231 2919 patrii
1262 2872 1477 2919 poterant
1508 2871 1722 2909 avertere
1753 2863 1905 2915 amici,

734 2963 894 3008 eluere
925 2970 1005 3007 aut
1034 2970 1167 3007 vasto
1197 2959 1423 3006 Thessala
1453 2968 1559 3013 saga
1589 2958 1720 3010 mari,

645 3060 762 3104 haec
793 3067 893 3112 ego,
925 3073 1020 3103 non
1053 3057 1178 3102 ferro
1209 3071 1305 3101 non
1337 3056 1442 3110 igne
1474 3062 1675 3107 coactus,
1708 3062 1754 3099 et
1785 3053 1885 3106 ipsa

705 3154 953 3208 naufragus
984 3153 1174 3208 Aegaea
1204 3152 1352 3198 verba
1382 3150 1561 3196 fatebor
1591 3164 1726 3204 aqua,

494 3250 623 3304 quod
656 3249 915 3303 Postgatius
955 3247 1074 3307 (Sel.
1108 3248 1179 3293 El.
1212 3263 1256 3301 p.
1290 3244 1398 3305 192)
1441 3245 1507 3291 sic
1550 3245 1649 3290 fere
1688 3243 1904 3297 exponit:
1947 3243 2207 3295 „Amorem

496 3360 591 3399 quo
622 3360 778 3398 neque
803 3344 941 3390 amici
968 3359 1123 3398 neque
1148 3352 1254 3397 saga
1278 3341 1504 3388 Thessala
1525 3356 1602 3386 me
1620 3340 1819 3385 liberare
1847 3346 2061 3391 poterant
2082 3352 2208 3383 nunc

497 3456 627 3487 mera
657 3441 805 3486 verba
835 3440 975 3486 fuisse
1006 3439 1202 3492 fatebor,
1234 3438 1312 3483 vel
1344 3437 1382 3483 si
1402 3437 1467 3483 dii
1487 3451 1563 3482 me
1586 3434 1824 3489 nauh-agio
1847 3433 2056 3479 affecturi
2072 3432 2206 3479 sint'’.
