2566 3886
315 2404 386 2449 25.

1121 267 1358 312 ..44-

444 397 650 441 sondern
683 397 767 441 mit
798 398 884 442 der
916 397 1404 452 Selbstverbrennung
1441 400 1892 445 zusammenfallend
1939 402 2037 446 und
2085 403 2164 447 auf

444 491 553 535 dem
587 490 710 535 Oeta
740 492 1054 545 stattfindend,
1085 493 1143 538 ist
1174 494 1302 538 nicht
1334 494 1584 539 bekannt'’.

446 586 623 639 Neque
661 588 751 632 hoc
789 588 908 639 loco,
946 603 1101 640 neque
1133 590 1258 640 apud
1291 589 1558 634 Diodorum
1590 588 1703 647 (IV.
1736 589 1820 648 39)
1851 602 2007 646 neque
2038 594 2163 645 apud

443 682 791 734 Apollodorum
824 681 913 741 (ΙΙ,
943 683 984 727 7.
1003 681 1058 740 7)
1074 684 1326 738 quicquam
1344 684 1554 737 legimus,
1571 687 1700 740 quod
1718 686 1853 731 nobis
1870 688 2162 740 persuadeat,

445 787 495 823 ut
541 794 650 823 cum
696 779 1013 832 Hertzbergio
1060 781 1309 824 credamus
1341 780 1640 833 Propertium
1672 782 1748 826 hic
1779 782 1916 827 aliam
1949 791 2161 828 secutum

447 889 550 919 esse
596 875 909 928 traditionem,
956 891 1050 928 qua
1097 875 1333 920 Hercules
1380 876 1428 920 in
1478 876 1580 929 ipso
1624 876 1760 930 Oeta,
1792 887 1904 931 rogo
1936 878 2090 923 evicto
2121 887 2167 923 et

447 971 723 1015 mortalitate
755 971 981 1023 abdicata,
1015 971 1262 1016 Iuventam
1295 986 1493 1016 uxorem
1525 972 1716 1017 duxisse
1747 981 2028 1017 narraretur.

446 1065 667 1118 Plerique
710 1067 914 1111 editores
957 1066 1079 1111 inter
1109 1081 1228 1118 quos
1261 1067 1594 1112 Lachmannus
1626 1067 1871 1112 Vahlenus
1903 1067 2162 1121 Postgatius

445 1170 682 1213 reponunt
714 1160 931 1215 Scaligeri
964 1162 1234 1206 coniectura
1264 1162 1356 1207 usi:
1388 1162 1459 1207 ab
1493 1162 1759 1207 Oetaeis
1791 1162 1963 1216 iugis.

447 1255 494 1301 Si
540 1266 697 1301 autem
745 1257 974 1302 rationem
1022 1257 1250 1302 habemus
1281 1258 1493 1303 lectionis
1526 1257 1575 1302 N
1608 1258 1895 1303 aethaeis
1916 1256 1970 1316 l),
2002 1258 2165 1303 intelli-

446 1351 610 1404 gimus,
654 1367 795 1404 quam
840 1353 941 1397 veri
974 1353 1135 1398 similis
1166 1353 1224 1398 sit
1255 1353 1522 1398 emendatio
1555 1353 1824 1407 Rossbergii
1855 1351 2000 1411 (Luc.
2033 1368 2077 1406 p.
2109 1351 2165 1411 9)

447 1448 772 1492 aethereis
804 1463 831 1492 a
863 1448 1081 1494 Palmero
1113 1449 1160 1493 in
1193 1458 1323 1494 textu
1356 1449 1517 1501 posita.

450 1543 587 1594 Quae
621 1543 942 1589 Rothsteinius
974 1541 1130 1602 (Aah.
1163 1559 1208 1596 p.
1240 1542 1354 1601 331)
1377 1553 1540 1589 contra
1563 1545 1684 1589 hanc
1702 1544 1970 1598 Rossbergii
1987 1544 2169 1590 coniec-

447 1648 599 1684 turam
631 1639 784 1684 affert:
822 1641 1160 1685 aethereus
1192 1640 1248 1684 ist
1279 1641 1523 1684 entweder
1553 1641 1650 1692 das,
1682 1655 1778 1685 was
1810 1655 1905 1685 von
1935 1641 2021 1685 der
2038 1639 2166 1685 Erde

447 1734 494 1778 in
538 1735 632 1779 den
666 1735 880 1780 Himmel
912 1744 1023 1789 ragt,
1055 1737 1153 1780 und
1186 1736 1268 1780 das
1298 1737 1401 1781 thut
1432 1735 1565 1789 ieder
1594 1736 1720 1780 hohe
1752 1735 1886 1789 Berg,
1917 1735 2046 1780 nicht
2076 1751 2168 1780 nur

450 1832 536 1875 der
583 1829 880 1884 Gotterberg‚
925 1832 1043 1876 oder
1074 1832 1170 1884 das,
1203 1847 1299 1876 was
1331 1831 1394 1876 im
1429 1831 1593 1876 Leben
1627 1832 1713 1876 der
1744 1830 1914 1876 Gotter
1945 1831 2031 1875 der
2061 1831 2168 1876 irdi-

448 1928 592 1971 schen
624 1926 982 1972 Verhffltnissen
1015 1927 1287 1980 entspricht‚
1319 1927 1410 1972 wie
1441 1928 1660 1972 aetherea
1691 1927 1860 1971 domus
1884 1927 1970 1971 der
1985 1926 2164 1971 Aufen-

446 2023 633 2067 thaltort
665 2023 751 2067 der
783 2021 953 2068 Gotter
983 2023 1059 2075 ist;
1092 2023 1274 2068 danach
1305 2023 1472 2067 wiirde
1504 2023 1723 2067 aetherea
1754 2022 1858 2075 iuga
1886 2021 2025 2067 einen
2045 2021 2167 2075 Berg

451 2118 514 2162 im
585 2118 799 2162 Himmel
850 2118 1188 2172 bezeichnen'’‚
1237 2134 1313 2163 me
1361 2126 1555 2163 movent
1600 2118 1659 2163 ad
1706 2118 1871 2171 iugis
1917 2117 1965 2162 in
2011 2117 2168 2162 locis

451 2215 744 2266 mutandum,
790 2229 912 2266 quae
955 2214 1225 2259 coniectura
1256 2229 1420 2259 omnes
1452 2213 1742 2258 difficultates
1774 2213 1937 2258 tollere
1967 2213 2169 2258 videtur.

450 2404 562 2449 Una
593 2405 693 2449 dies
725 2405 877 2449 omnis
909 2404 1058 2456 potuit
1090 2418 1395 2456 praecurrere
1427 2412 1635 2448 amantes

450 2501 545 2545 Pro
626 2508 924 2545 amantes
1005 2499 1336 2543 Lachmannus
1412 2514 1501 2543 am
1522 2514 1672 2543 ores
1749 2499 1962 2550 coniecit,
2038 2500 2166 2551 quod

451 2596 709 2649 Postgatius
743 2595 1006 2639 Muellerus
1037 2594 1282 2639 Vahlenus
1315 2595 1362 2638 in
1395 2603 1524 2639 textu
1556 2603 1827 2646 posuerunt.

450 2691 542 2736 Sua
582 2700 738 2735 autem
781 2691 1050 2736 coniectura
1090 2699 1278 2742 recepta
1320 2690 1651 2735 Lachmannus
1674 2689 1835 2734 *totum
1873 2705 2064 2734 versum
2101 2689 2168 2734 sic

450 2787 672 2840 explicat:
712 2787 854 2839 „Una
891 2787 991 2831 dies
1029 2802 1122 2839 qua
1153 2795 1200 2830 tu
1234 2787 1355 2830 hanc
1387 2786 1589 2838 puellam
1622 2785 1778 2830 vidisti
1810 2784 2048 2829 amoribus
2078 2783 2168 2829 tuis

448 2884 596 2928 finem
669 2882 933 2936 imposuit''.
994 2882 1130 2926 Duae
1189 2890 1344 2925 tamen
1403 2896 1478 2925 res
1536 2880 1733 2931 obstant,
1792 2879 2045 2932 quominus
2103 2879 2168 2923 sic

449 2995 476 3024 a
517 2987 654 3031 poeta
693 2978 917 3030 scriptum
959 2992 1061 3022 esse
1102 2978 1363 3028 credamus,
1405 2991 1520 3028 quas
1557 2991 1633 3020 res
1671 2975 1972 3028 Hertzbergii
2009 2975 2167 3019 verbis

449 3075 664 3120 afferam:
718 3075 951 3127 „primum
998 3088 1256 3118 amores
1302 3073 1340 3116 si
1384 3080 1521 3124 poeta
1551 3071 1821 3123 simpliciter
1851 3071 1926 3123 ait,
1958 3085 2167 3115 omnes

450 3186 634 3216 amores
690 3179 811 3221 sunt,
863 3184 959 3214 non
1012 3170 1155 3214 modo
1207 3168 1303 3213 tui
1355 3176 1435 3212 aut
1485 3166 1770 3220 pristini
1823 3166 1942 3218 tui3
1994 3166 2166 3210 deinde

451 3266 579 3318 quod
626 3280 657 3318 p
674 3281 698 3309 r
713 3281 741 3309 a
756 3281 783 3309 e
799 3280 825 3309 c
842 3281 873 3310 u
891 3280 914 3309 r
930 3280 954 3309 r
970 3280 997 3309 e
1014 3280 1037 3308 r
1053 3279 1080 3308 e
1127 3264 1457 3316 interpretatur
1503 3278 1530 3307 a
1546 3278 1576 3307 u
1593 3263 1609 3306 f
1625 3277 1652 3306 e
1668 3277 1692 3306 r
1708 3277 1732 3306 r
1747 3277 1774 3306 e
1821 3276 1916 3306 non
1948 3260 2165 3306 evincit”.

367 3396 391 3441 ¹)
420 3399 525 3433 Haec
553 3399 793 3438 Neapolitani
820 3398 932 3431 lectio
958 3399 1051 3431 hane
1078 3397 1294 3437 praesertim
1320 3398 1367 3430 ob
1387 3407 1535 3430 causam
1550 3396 1657 3437 digna
1671 3402 1739 3435 est,
1754 3406 1861 3436 quam
1876 3394 2165 3434 consideremus,

318 3473 414 3512 quod
443 3482 496 3504 oe
523 3470 627 3505 vocis
654 3477 765 3504 oeta
792 3470 842 3510 111,
872 3470 902 3502 1.
930 3469 974 3504 32
1000 3470 1044 3503 ab
1073 3468 1109 3502 N
1137 3475 1323 3502 servatum
1350 3474 1418 3502 est.
