2566 3886
315 3343 386 3388 88.

1131 260 1397 307 -297-

474 390 782 436 Housmanus
812 389 957 449 (JPh.
989 392 1126 445 XVI,
1158 407 1203 445 p.
1238 389 1320 450 13)
1350 392 1577 438 coniecit:

624 501 751 531 nunc
782 487 984 539 pretium
1016 487 1171 533 fecere
1202 488 1317 533 deos
1348 496 1394 533 et
1424 488 1625 533 fallimus
1656 502 1771 532 auro

739 579 978 639 (Iuppiter
991 580 1031 640 2)
1062 583 1280 638 obliquae
1311 584 1440 637 signa
1470 584 1632 628 iterata
1662 590 1805 635 rotae,

621 676 875 731 felicesque
907 678 1034 723 Iovis
1066 680 1220 724 stellas
1251 694 1364 732 eqs.,

469 772 597 825 quod
629 772 888 825 Postgatius
919 773 1096 826 recepit
1126 770 1202 830 (in
1234 773 1343 818 edit.
1378 770 1542 830 1894);
1574 773 1658 818 sed
1679 772 1795 826 quid
1812 773 1902 816 hoc
1926 780 1995 817 est
2019 771 2181 816 fallere

469 867 612 921 signa,
643 867 796 912 stellas
810 866 862 919 ?;
894 876 1135 920 praeterea
1153 867 1419 912 Housmani
1437 867 1706 913 coniectura
1722 875 1957 920 assumpta
1972 865 2183 919 cogimur

467 977 633 1007 versus
664 960 735 1007 85.
768 961 826 1006 86
857 971 1018 1015 utpote
1048 962 1232 1015 spurios
1262 962 1431 1007 eicere.

467 1056 583 1101 Mea
611 1056 841 1102 sententia
870 1058 1000 1102 locus
1031 1057 1093 1102 ita
1122 1057 1523 1111 interpungendus
1554 1066 1646 1103 est:

468 1153 517 1197 di
548 1152 662 1197 mihi
693 1160 801 1197 sunt
832 1160 972 1197 testes
1002 1167 1098 1197 non
1131 1153 1439 1206 degenerasse
1470 1152 1774 1207 propinquos,

539 1247 682 1300 inque
714 1247 830 1292 meis
861 1246 991 1292 libris
1022 1247 1087 1292 nil
1118 1247 1247 1300 prius
1278 1262 1381 1293 esse
1412 1248 1534 1300 fide3

462 1339 616 1400 (nunc
646 1340 848 1394 pretium
879 1341 1036 1387 fecere
1068 1342 1183 1388 deos
1214 1351 1260 1387 et
1290 1342 1461 1388 fallitur
1488 1358 1604 1388 auro

552 1434 787 1495 Iuppiter)
817 1436 1035 1491 obliquae
1066 1437 1194 1492 signa
1223 1438 1386 1483 iterata
1415 1446 1544 1483 rotae

459 1533 714 1586 felicesque
746 1532 872 1577 Iovis
903 1533 1056 1578 stellas
1088 1533 1352 1588 Martisque
1383 1534 1563 1587 rapacis

505 1636 551 1672 et
581 1636 722 1681 grave
753 1625 938 1672 Saturni
969 1628 1097 1673 sidus
1127 1628 1175 1673 in
1207 1643 1350 1674 omne
1380 1638 1533 1682 caput,

459 1722 574 1776 quid
605 1731 826 1767 moveant
856 1722 1015 1768 Pisces
1044 1724 1348 1777 animosaque
1379 1724 1508 1778 signa
1539 1724 1713 1770 Leonis

532 1818 653 1862 lotus
684 1826 730 1863 et
762 1817 998 1871 Hesperia
1027 1819 1140 1872 quid
1173 1818 1493 1873 Capricornus
1523 1835 1645 1874 aqua

459 1913 638 1966 dicam;
671 1913 843 1966 „Troia
873 1915 1027 1967 cades,
1059 1923 1105 1960 et
1135 1914 1306 1961 Troica
1338 1916 1493 1961 Roma
1522 1917 1764 1969 resurges”

501 2016 547 2053 et
578 2009 748 2060 „maris
779 2017 826 2054 et
855 2018 1007 2055 terrae
1038 2010 1174 2064 longa
1203 2009 1406 2063 pericla”
1438 2025 1617 2055 canam.

455 2209 708 2264 Postquam
752 2211 878 2256 enim
924 2210 1085 2256 Horos
1128 2211 1370 2256 contendit
1411 2211 1459 2256 in
1498 2212 1593 2257 suis
1639 2211 1768 2257 libris
1812 2211 1877 2256 nil
1907 2210 2037 2264 prius
2068 2224 2171 2255 esse

453 2305 560 2357 fide,
591 2305 720 2359 quod
751 2305 846 2350 suis
877 2306 1166 2359 temporibus
1198 2322 1356 2352 rarum
1388 2307 1459 2359 sit,
1492 2307 1695 2360 superbe
1734 2306 1954 2360 gloriatur
1984 2320 2034 2350 se
2060 2305 2170 2350 artis

453 2415 564 2445 suae
595 2400 927 2453 peritissimum
959 2417 1087 2447 esse:
1119 2417 1170 2447 se
1201 2403 1360 2448 dicere
1392 2418 1529 2456 posse
1561 2400 1783 2460 (dicam
1815 2402 1942 2447 enim
1969 2416 2064 2446 non
2082 2415 2168 2454 pro

452 2495 667 2540 futuro
698 2496 864 2548 habeo,
897 2498 979 2542 sed
1011 2514 1098 2551 pro
1129 2499 1430 2544 coniunctivo
1461 2497 1737 2557 potentiali),
1766 2499 1879 2552 quid
1897 2497 2168 2552 praedicant

453 2590 611 2635 Pisces
642 2599 753 2644 etc.;
784 2593 1036 2638 accusativi
1059 2602 1215 2639 autem
1247 2594 1423 2649 signa
1460 2595 1707 2647 iterata,
1738 2595 1966 2640 felices
1999 2593 2166 2638 Iovis

451 2686 672 2730 stellas
703 2686 762 2730 ab
793 2687 962 2732 eodem
988 2688 1137 2734 verbo
1168 2690 1364 2734 dicam
1396 2691 1618 2743 pendent,
1642 2690 1770 2744 quod
1796 2705 1882 2743 per
1912 2697 2167 2742 zeugma

450 2780 665 2826 facillime
708 2797 739 2826 n
753 2782 855 2826 ovi
898 2783 1119 2835 explicari
1160 2793 1336 2837 potest;
1383 2794 1429 2830 et
1460 2785 1497 2830 si
1529 2786 1634 2838 quis
1665 2785 1819 2829 minus
1851 2785 1940 2829 hoc
1982 2783 2163 2837 probet,

454 2875 611 2928 „loqui
667 2891 857 2929 possum
914 2878 974 2922 de
1026 2878 1226 2931 signis
1277 2880 1534 2925 iteratis
1591 2880 1896 2933 obliquae
1955 2878 2163 2923 rotae''

450 2965 604 3025 (quod
635 2980 958 3024 argumentum
991 2973 1181 3018 adhibet
1211 2974 1270 3018 ad
1302 2974 1443 3019 fidem
1476 2989 1607 3019 suam
1629 2971 1916 3031 augendam)
1938 2973 2161 3026 optimam

448 3063 641 3116 praebet
672 3066 962 3111 sententiam.
996 3067 1184 3113 Deinde
1215 3084 1265 3113 se
1291 3084 1387 3114 non
1407 3070 1558 3114 solum
1588 3084 1663 3114 res
1692 3078 1798 3114 ante
1824 3078 1947 3114 actas
1963 3066 2161 3127 (Troiae

449 3157 699 3211 excidium,
741 3159 937 3206 Aeneae
980 3160 1205 3219 errores),
1248 3164 1332 3208 sed
1375 3163 1514 3208 etiam
1559 3163 1759 3208 Romam
1792 3172 2158 3209 resurrecturam

450 3265 619 3296 canere
650 3268 788 3306 posse
818 3255 1075 3307 profitetur.

448 3345 543 3390 Pro
571 3361 593 3390 s
605 3361 633 3391 e
646 3362 677 3400 p
690 3349 750 3392 ul
764 3363 790 3393 c
804 3349 835 3393 h
849 3364 873 3394 r
885 3365 912 3394 a
940 3365 1047 3395 cum
1065 3349 1363 3405 Schippersio
1378 3350 1610 3410 (Observ.
1629 3353 1748 3406 crit,
1767 3352 1891 3398 1818.
1908 3369 1953 3406 p.
1974 3350 2158 3411 llsqq.)

448 3439 551 3493 lego
581 3442 833 3494 pericla.
