2566 3886
323 1297 392 1343 10.

1106 263 1372 310 —301—

566 396 615 441 in
646 397 804 442 medio
834 397 999 450 plausu
1031 394 1247 455 (plausus
1278 404 1390 441 tunc
1421 403 1520 440 arte
1552 392 1765 452 carebat)

684 508 769 538 rex
799 493 974 545 populo
1004 493 1207 544 praedae
1238 492 1366 545 signa
1396 492 1599 544 petenda
1629 491 1772 543 dedit,

449 587 530 633 ubi
543 587 780 634 Bentleius
792 596 882 640 pet
890 588 904 632 i
913 596 963 632 ta
973 587 1216 641 proposuit
1226 586 1531 639 probantibus
1546 586 1790 640 Madvigio
1802 595 1848 631 et
1863 586 2159 632 Housmano.

451 764 496 801 at
527 763 774 809 postquam
806 754 883 799 ille
914 753 1010 799 suis
1040 761 1219 798 tantum
1252 752 1482 798 concessit
1512 753 1726 798 alumnis.

452 851 547 895 Pro
578 859 830 895 tantum
863 849 1176 894 Baehrensius
1207 862 1315 893 cum
1349 847 1552 893 Heinsio
1599 848 1816 901 spatiu
1834 863 1880 892 m
1928 849 2049 903 legit,
2079 850 2162 895 sed

452 962 565 991 vera
594 954 664 991 est
696 944 962 990 observatio
994 943 1300 988 Rothsteinii:
1333 942 1439 995 „bei
1471 951 1699 988 tantum
1731 944 2013 989 concessit
2044 945 2164 990 wird

452 1041 631 1086 wieder
661 1047 1023 1092 vorausgesetzt,
1058 1039 1165 1083 dass
1196 1039 1283 1083 der
1313 1037 1630 1091 Angeredete,
1663 1039 1749 1083 der
1780 1053 1869 1083 vor
1899 1039 1986 1084 der
2008 1038 2166 1085 Statue

453 1136 587 1187 steht,
619 1135 712 1180 den
744 1134 944 1189 ietzigen
976 1133 1188 1178 Zustand
1221 1133 1522 1178 unmittelbar
1552 1148 1640 1178 vor
1671 1133 1770 1178 sich
1802 1134 1965 1179 sieht”.

454 1295 615 1349 Paleyi
675 1294 992 1340 coniecturam
1054 1293 1257 1347 lepidam
1319 1293 1367 1338 V
1384 1309 1411 1338 e
1427 1302 1527 1338 rta
1543 1309 1590 1339 m
1609 1310 1639 1339 n
1657 1310 1688 1339 u
1705 1309 1726 1338 s
1789 1304 1949 1340 nostro
2011 1311 2168 1349 versu,

453 1392 816 1437 Vertannus
865 1404 1006 1434 versu
1052 1388 1107 1434 12
1154 1403 1249 1433 non
1296 1389 1624 1433 assumendam
1673 1404 1775 1434 esse
1821 1404 1993 1435 censeo
2040 1392 2168 1444 quod

452 1486 711 1541 Postgatius
748 1486 796 1530 in
834 1484 1120 1530 carminibus
1157 1484 1339 1530 selectis
1378 1484 1610 1537 Propertii
1642 1482 1821 1542 (Select
1854 1482 2010 1543 Eleg.)
2047 1486 2168 1531 fecit.

453 1582 628 1636 Neque
670 1580 798 1626 enim
839 1580 1155 1625 necessarium
1199 1588 1270 1624 est
1312 1594 1486 1625 nomen
1531 1580 1784 1625 Vertumni
1817 1595 2008 1634 prorsus
2040 1581 2167 1626 idem

454 1692 556 1722 esse
598 1685 738 1730 atque
780 1675 1010 1722 vocabula
1051 1690 1111 1720 ex
1153 1674 1324 1728 quibus
1367 1690 1395 1719 a
1437 1683 1574 1727 poeta
1616 1675 1882 1728 derivatur;
1928 1691 2069 1721 versu
2113 1676 2169 1721 47

454 1771 868 1816 Vertumnum
912 1770 978 1815 sic
1017 1770 1248 1814 nominari
1293 1769 1516 1823 significat
1547 1779 1698 1823 poeta,
1730 1771 1858 1823 quod
1890 1771 2008 1816 deus
2041 1786 2091 1816 se
2124 1772 2171 1816 in

455 1866 613 1912 omnia
643 1866 783 1911 vertit
812 1880 968 1919 neque
998 1874 1155 1910 tamen
1187 1879 1365 1910 novum
1408 1866 1499 1910 hoc
1542 1879 1716 1910 nomen
1759 1865 1808 1910 V
1825 1881 1852 1911 e
1869 1881 1893 1910 r
1908 1874 1926 1911 t
1941 1881 1970 1911 o
1987 1881 2034 1911 m
2052 1882 2082 1911 n
2102 1882 2133 1912 u
2151 1881 2172 1911 s

456 1961 628 2007 diserte
659 1961 859 2007 additur.

326 2121 484 2167 11.12.
516 2137 614 2174 seu,
646 2121 756 2175 quia
785 2120 1011 2166 vertentis
1042 2120 1245 2165 fructum
1277 2120 1603 2173 praecepimus
1635 2121 1760 2173 anni,

596 2216 850 2262 Vertumni
880 2230 1042 2261 rursus
1073 2215 1272 2260 credidit
1302 2230 1405 2260 esse
1436 2230 1637 2261 sacrum.

463 2311 919 2364 praecipimus:
971 2309 1151 2355 NDV

461 2421 705 2452 rursus:
738 2405 784 2451 O

462 2501 769 2546 credidit:
803 2499 849 2546 Ο

463 2595 558 2640 Pro
588 2594 1062 2649 praecepimus
1092 2603 1220 2639 recte
1251 2594 1767 2648 praecerpimus
1799 2595 2177 2642 restituitFeain

464 2690 802 2735 commentario
847 2690 906 2734 ad
956 2689 1224 2734 Horatium.
1257 2690 1514 2742 Quomodo
1552 2699 1844 2743 pentameter
1874 2691 2178 2745 corrigendus

466 2784 537 2837 sit,
583 2783 813 2829 difficilius
845 2784 972 2829 dictu
1003 2793 1086 2829 est.
1118 2784 1213 2829 Pro
1260 2799 1284 2828 r
1299 2800 1331 2829 u
1347 2800 1372 2829 r
1387 2800 1409 2829 s
1426 2801 1458 2830 u
1474 2800 1496 2830 s
1561 2785 1877 2837 „deteriores”
1938 2801 1970 2830 v
1987 2801 2018 2830 u
2035 2787 2050 2830 1
2066 2795 2094 2840 g
2110 2802 2141 2832 u
2158 2802 2179 2831 s

470 2879 697 2930 praebent
756 2877 928 2931 quibus
989 2878 1237 2924 assentitur
1296 2879 1542 2924 Vahlenus
1594 2895 1673 2924 vu
1690 2880 1792 2932 lgu
1810 2894 1831 2924 s
1878 2880 2033 2924 cred
2050 2880 2064 2924 i
2082 2882 2112 2925 d
2130 2881 2181 2926 it

473 2972 697 3025 scribens,
734 2973 810 3018 cui
841 2982 927 3026 ego
959 2988 1067 3018 cum
1101 2973 1366 3018 Hartmano
1396 2974 1666 3028 adstipulor.

474 3066 586 3111 Post
633 3082 823 3112 versum
873 3066 927 3111 18
974 3067 1211 3112 inserendi
1258 3068 1349 3112 sint
1379 3083 1545 3113 versus
1577 3067 1754 3113 41—46
1784 3083 1936 3114 necne
1968 3069 2181 3115 dubitant

474 3160 564 3205 viri
612 3161 751 3205 docti.
795 3160 1081 3207 Schraderus
1127 3177 1209 3207 eos
1254 3171 1358 3214 post
1406 3161 1460 3207 18
1498 3163 1735 3215 transponi
1778 3164 1927 3209 voluit
1957 3173 2003 3209 et
2034 3165 2182 3209 Lach-

475 3269 674 3299 mannus
719 3270 910 3307 quoque
955 3256 1179 3302 intellexit
1225 3257 1311 3301 hos
1356 3271 1521 3301 versus
1567 3271 1663 3301 non
1710 3256 1831 3302 bene
1874 3272 1983 3303 cum
2015 3259 2182 3304 ceteris

473 3350 740 3402 cohaerere,
781 3365 1066 3404 quamquam
1097 3351 1244 3396 nihilo
1275 3352 1418 3404 magis
1450 3350 1698 3397 Schraderi
1730 3352 2046 3398 coniecturam
2079 3368 2183 3405 pro·

478 3443 618 3488 bavit.
650 3444 740 3489 Vir
771 3445 937 3490 doctus
970 3445 1084 3491 Otto
1115 3446 1274 3492 omnia
1304 3447 1426 3492 bene
1458 3447 1717 3500 procedere
1747 3456 1889 3500 ratus,
1920 3462 2076 3500 neque
2092 3448 2186 3492 ulla
