2566 3886
379 759 447 804 15.

376 1998 444 2043 19.

1168 240 1433 287 —320—

512 372 626 418 Non
653 373 797 418 credo
810 373 1135 418 hexametrum
1153 381 1199 417 et
1219 381 1562 425 pentametrum
1580 372 1854 418 coniunctos
1881 388 2021 419 unam
2048 384 2229 420 senten-

510 470 619 513 tiam
652 469 778 520 dare,
812 469 894 513 sed
913 469 1028 513 duas
1045 483 1120 513 res
1137 468 1272 513 nobis
1288 483 1315 513 a
1331 477 1467 521 poeta
1483 468 1681 520 narrari3
1702 468 1750 513 in
1768 478 2059 521 pentametro
2072 482 2227 515 autem

509 564 861 617 interpretando
892 573 1049 609 mente
1080 565 1376 616 suppleatur:
1408 579 1494 617 per
1524 563 1624 608 eius
1655 564 1753 609 vim
1782 564 2020 618 magicam.

512 760 605 804 Pro
651 774 682 812 p
699 775 727 805 o
744 774 765 804 s
782 774 804 804 s
820 775 847 804 e
863 768 894 812 t,
938 768 1009 812 et,
1056 760 1184 813 quod
1231 759 1279 803 in
1327 758 1372 804 Ο
1405 759 1584 812 legitur,
1617 759 1718 804 Itali
1750 769 1876 805 recte
1907 775 1939 805 u
1956 769 1974 804 t
2003 760 2227 814 legerunt.

511 855 623 907 Quo
654 863 845 913 recepto
876 854 1094 900 videmus
1125 854 1241 899 nihil
1273 854 1348 899 hic
1380 855 1535 907 deese,
1568 856 1696 908 quod
1714 855 2026 901 Baehrensius
2048 856 2228 910 putavit

510 950 631 995 inter
664 949 719 995 15
750 959 796 995 et
830 949 885 995 16
916 950 1131 995 lacunam
1163 958 1383 995 statuens.

512 1045 699 1091 Revera
741 1060 933 1091 versum
987 1044 1041 1090 15
1086 1060 1195 1090 cum
1247 1044 1461 1099 sequenti
1506 1045 1888 1099 coniungendum
1938 1061 2055 1098 esse,
2098 1047 2227 1099 quod

511 1141 832 1186 Rothsteinius
864 1150 910 1186 et
942 1140 1261 1186 Phillimorius
1293 1149 1475 1194 negant,
1508 1150 1632 1193 patet
1664 1156 1723 1186 ex
1754 1141 1823 1193 iis,
1856 1156 1977 1195 quae
2008 1141 2228 1187 observat

510 1236 877 1290 Hertzbergius:
923 1251 1061 1288 „cum
1108 1236 1353 1290 allegorica
1383 1237 1607 1290 pleraque
1639 1237 1687 1281 in
1719 1237 2123 1289 superstitionibus
2155 1237 2227 1282 his

507 1331 695 1385 magicis
747 1340 916 1383 essent,
963 1331 1230 1376 cornicibus
1276 1331 1570 1385 potissimum
1614 1333 1775 1377 oculos
1818 1331 1952 1384 eruit,
1999 1332 2109 1386 quia
2154 1332 2227 1377 his

509 1426 677 1471 avibus
708 1426 836 1471 visus
868 1434 938 1471 est
968 1426 1245 1478 acerrimus;
1277 1427 1503 1471 hactenus
1534 1426 1670 1479 igitur
1701 1435 1879 1471 tantum
1921 1426 2226 1479 proverbium

509 1521 623 1566 illud
667 1522 760 1567 huc
792 1521 1021 1575 pertinet;
1066 1522 1243 1566 cornici
1274 1521 1440 1566 cornix
1470 1522 1631 1566 oculos
1663 1521 1849 1574 configit
1880 1536 1975 1575 quo
2005 1522 2225 1567 callidum

507 1617 748 1662 hominem
781 1632 808 1661 a
838 1616 1076 1661 callidiore
1108 1617 1359 1669 deceptum
1391 1631 1494 1661 esse
1525 1615 1850 1669 significatur&

507 1712 566 1756 cf.
585 1711 687 1757 Cic.
714 1712 809 1756 Pro
842 1711 972 1757 Mur.
1004 1711 1087 1757 25:
1120 1712 1339 1757 inventus
1371 1720 1441 1757 est
1471 1711 1623 1757 scriba
1654 1711 1860 1764 quidam,
1893 1711 1985 1756 Cn.
2017 1711 2224 1765 Flavius,

507 1808 588 1861 qui
620 1808 861 1853 cornicum
894 1809 1055 1854 oculos
1087 1808 1332 1853 confixerit
1362 1823 1460 1861 eqs.

506 1999 729 2044 exorabat
759 2013 878 2051 opus
910 1997 960 2049 -l-
993 1998 1151 2043 verbis
1182 2013 1270 2043 ceu
1303 1998 1474 2043 blanda
1503 2013 1676 2052 perure
1702 1997 1751 2048 -l-

571 2109 879 2147 saxosamque
917 2099 957 2139 ÷
992 2094 1111 2139 ferat
1143 2092 1192 2144 -l-
1225 2094 1388 2139 sedula
1418 2094 1555 2147 culpa
1585 2093 1710 2139 viam

506 2188 581 2235 Sic
608 2190 699 2235 hoc
731 2189 963 2235 distichon
995 2189 1164 2244 legitur
1195 2189 1243 2234 in
1275 2188 1336 2241 O,
1368 2197 1602 2242 corrupte,
1634 2197 1685 2233 ut
1716 2188 2013 2233 consentiunt
2043 2203 2222 2234 omnes.

507 2285 602 2330 Pro
645 2300 672 2330 e
688 2301 719 2330 x
734 2300 763 2330 o
780 2300 804 2329 r
820 2300 847 2330 a
862 2285 893 2330 b
910 2293 970 2329 at
1006 2300 1036 2330 o
1052 2299 1084 2337 p
1100 2300 1131 2329 u
1149 2299 1184 2337 s,
1232 2284 1359 2337 quod
1398 2292 1448 2328 ut
1491 2283 1744 2337 explicaret
1789 2283 2083 2329 Rothsteinio
2125 2299 2221 2329 non

505 2380 707 2433 contigit,
739 2395 847 2424 cum
881 2379 1163 2424 Housmano
1195 2376 1338 2435 (JPh.
1369 2378 1491 2423 XVI
1524 2394 1567 2431 p.
1588 2376 1670 2436 14)
1706 2379 2067 2424 exercebat
2103 2379 2220 2432 lego.

503 2474 630 2520 Cum
677 2484 858 2520 constet
893 2475 918 2519 f
928 2483 1067 2519 erat
1113 2482 1386 2527 corruptum
1419 2488 1536 2525 esse,
1568 2473 1733 2518 vitium
1766 2474 1932 2519 melius
1963 2474 2222 2527 explicatur

504 2570 664 2615 sicum
681 2569 964 2623 Rossbergio
980 2567 1125 2627 (Luc.
1144 2569 1284 2621 Prop.
1302 2585 1347 2622 p.
1364 2565 1449 2626 27)
1480 2568 1541 2613 fo
1557 2584 1581 2612 r
1597 2583 1624 2613 a
1639 2578 1670 2620 t,
1702 2583 1843 2621 quam
1859 2568 2022 2613 sicum
2040 2568 2220 2614 Jacobo

505 2665 563 2709 fe
580 2680 604 2709 r
619 2665 633 2709 i
651 2674 668 2709 t
699 2665 987 2718 corrigimus.

503 2759 789 2813 Talpam,
820 2761 949 2814 quod
983 2758 1265 2813 Rossbergio
1296 2756 1411 2817 (1.1.)
1442 2759 1613 2812 placuit
1644 2773 1926 2804 saxosam
1973 2767 2218 2804 terram

502 2854 528 2898 f
537 2870 566 2899 o
583 2870 606 2899 r
622 2870 649 2900 a
665 2871 688 2899 r
704 2871 731 2900 e
768 2855 959 2901 historia
989 2854 1209 2900 naturalis
1241 2869 1336 2899 non
1369 2855 1519 2899 docet.

502 2949 594 2994 His
626 2951 686 2994 de
718 2950 869 2995 causis
901 2950 1132 2995 distichon
1165 2949 1280 2994 mihi
1311 2950 1374 2994 ita
1404 2950 1754 2994 emendandum
1787 2963 1889 2993 esse
1920 2948 2130 2993 videtur:

622 3046 870 3090 exercebat
901 3061 1019 3098 opus
1051 3044 1209 3090 verbis
1239 3045 1334 3089 heu
1355 3042 1395 3102 l)
1426 3044 1597 3089 blanda
1627 3043 1823 3097 perinde
1844 3041 1886 3101 ⁹)

686 3155 899 3186 saxosam
931 3138 1096 3198 (atque
1115 3137 1157 3198 ³)
1187 3139 1309 3184 forat
1339 3140 1501 3184 sedula
1531 3140 1723 3192 lympha
1739 3136 1783 3196 ⁴)
1814 3138 1954 3183 viam.

502 3235 564 3279 lu
583 3250 630 3279 m
647 3251 679 3288 p
697 3251 725 3280 a
754 3235 890 3280 facile
921 3234 969 3279 in
1002 3250 1028 3279 c
1045 3250 1076 3279 u
1093 3235 1108 3278 l
1125 3249 1156 3286 p
1172 3249 1199 3279 a
1230 3234 1469 3287 corrumpi
1500 3233 1661 3287 potuit.

418 3382 449 3427 ι)
474 3382 507 3428 ²)
534 3383 563 3428 ²)
613 3386 667 3420 uic
694 3385 934 3420 nouum-nu·
959 3380 1067 3427 (JPh.
1092 3384 1197 3426 XVI,
1222 3396 1256 3425 p.
1284 3385 1339 3425 1⁴,
1365 3384 1486 3425 XXII,
1512 3395 1547 3425 p.
1574 3380 1671 3426 103).

416 3441 449 3487 ⁴)
498 3446 551 3479 nio
577 3445 649 3479 iam
675 3445 770 3479 Itali.
