2566 3886
341 382 412 427 97.

346 798 444 844 101.

347 1024 445 1070 106.

349 1345 447 1391 120.

350 1666 448 1711 121.

352 3133 449 3178 124.

1138 253 1405 299 -298-

474 383 635 428 fatales
667 382 815 435 pueri,
849 383 944 428 duo
976 383 1141 427 funera
1173 382 1331 428 matris
1362 382 1554 429 avarae!

478 478 532 523 L.
552 478 775 523 Muelleri
792 477 1079 531 ingeniosam
1097 478 1414 524 coniecturam
1443 479 1498 524 M
1513 479 1670 524 artis
1698 479 1850 524 avari
1871 481 2082 533 recipere
2098 497 2193 527 non

476 574 642 625 audeo,
675 589 783 618 cum
811 588 976 618 versus
1007 573 1065 618 90
1097 573 1203 626 „illa
1234 574 1372 619 dabat
1403 574 1521 619 natis
1553 590 1682 620 arma
1712 583 1899 620 vetante
1931 577 2051 621 deo”
2086 578 2194 623 satis

482 668 697 721 explicet,
726 683 810 712 cur
828 667 1100 720 Propertius
1119 668 1324 721 Luperci
1341 678 1386 714 et
1404 668 1529 714 Galli
1546 678 1741 714 matrem
1759 685 1948 715 avaram
1970 671 2195 716 nominet.

477 798 605 843 Cum
639 782 946 844 Lachmanno
977 799 1254 852 legendum:
1286 800 1480 845 facito
1524 809 1732 845 votum
1777 797 1909 857 (ante
1953 816 2062 846 eum
2103 802 2195 847 iam

478 894 805 940 Burmannus:
845 903 1052 940 votum
1090 892 1329 953 facito).

479 1024 606 1070 Cum
653 1025 881 1070 Turnebo
928 1026 1204 1079 legendum:
1253 1025 1555 1071 umbrave
1587 1041 1746 1079 quae
1778 1041 1864 1079 pro
1896 1026 2197 1072 umbrane

478 1137 509 1174 q
523 1136 554 1165 u
568 1135 595 1165 e
627 1122 755 1174 quod
791 1121 840 1165 N
870 1121 1023 1165 habet.
1057 1121 1168 1165 Hoc
1200 1136 1390 1175 quoque
1407 1122 1512 1166 loco
1529 1121 1870 1175 Neapolitanus
1887 1122 2080 1176 vestigia
2095 1122 2196 1167 veri

480 1216 647 1261 melius
664 1216 870 1261 servavit
886 1231 1027 1270 quam
1045 1216 1189 1261 ceteri
1207 1216 1408 1269 codices,
1427 1217 1507 1271 qui
1531 1217 1834 1272 umbraque
1866 1234 1933 1263 ne
1960 1218 2196 1264 exhibent.

480 1346 635 1399 incipe
667 1356 717 1391 tu
749 1347 952 1392 lacrimis
984 1362 1162 1401 aequus
1194 1348 1359 1392 adesse
1391 1348 1541 1393 novis.

480 1442 628 1487 Recte
651 1441 759 1487 fecit
791 1442 1106 1487 Baehrensius
1138 1443 1265 1496 quod
1300 1442 1572 1487 Marklandi
1604 1443 1922 1488 coniecturam
1954 1443 2081 1488 tuis
2113 1459 2199 1496 pro

480 1537 664 1581 novis
696 1537 887 1589 recepit,
919 1537 1015 1581 vid.
1049 1536 1149 1582 eius
1181 1537 1529 1582 adnotationem
1562 1538 1609 1582 in
1641 1547 1865 1591 apparatu
1898 1539 2073 1584 critico.

482 1666 686 1712 Umbria
716 1676 762 1712 te
794 1667 915 1713 notis
946 1668 1137 1721 antiqua
1168 1667 1423 1712 Penatibus
1454 1668 1564 1720 edit,

585 1760 852 1820 (mentiorP
882 1778 941 1808 an
975 1763 1150 1816 patriae
1181 1763 1382 1816 tangitur
1413 1778 1496 1808 ora
1526 1772 1633 1809 tuae
1647 1762 1698 1822 P)

481 1873 574 1911 qua
605 1859 833 1903 nebulosa
864 1873 982 1903 cavo
1014 1866 1139 1903 rorat
1171 1858 1398 1903 Mevania
1429 1873 1610 1911 campo,

585 1963 631 1998 et
662 1954 789 1998 lacus
821 1953 1007 1998 aestivis
1039 1953 1216 2005 intepet
1248 1952 1435 1998 Umber
1466 1954 1598 2007 aquis

481 2048 639 2093 Versu
671 2048 726 2093 21
772 2048 973 2093 verbum
1017 2048 1297 2101 tangitur
1333 2063 1428 2092 non
1462 2056 1588 2093 recte
1621 2049 1855 2103 accipiunt
1886 2050 2198 2095 recentiores:

481 2159 590 2188 nam
623 2143 659 2188 si
691 2152 815 2188 totus
846 2158 1012 2188 versus
1044 2143 1092 2187 in
1125 2144 1393 2195 parenthesi
1424 2144 1627 2197 ponitur,
1659 2144 1708 2189 id
1730 2146 1858 2198 quod
1878 2145 2091 2199 plerique
2109 2145 2200 2190 viri

481 2240 606 2285 docti
637 2239 827 2289 faciunt,
860 2240 1081 2292 explicari
1114 2239 1256 2284 debet
1286 2255 1344 2284 eo
1377 2240 1519 2285 modo
1551 2255 1646 2293 quo
1680 2240 1881 2293 Paleyus
1912 2255 2104 2286 versum
2133 2240 2201 2285 in-

482 2343 759 2388 terpretatus
803 2344 897 2380 est:
943 2335 1068 2387 „Am
1108 2336 1129 2379 I
1162 2335 1386 2388 speaking
1415 2335 1579 2387 falsely
1611 2350 1665 2380 or
1697 2336 1759 2380 do
1791 2336 1812 2379 I
1845 2335 1913 2396 hit
1944 2333 2085 2392 (with
2117 2351 2198 2388 my

481 2428 577 2488 art)
622 2431 699 2475 the
743 2430 918 2475 border
961 2431 1008 2475 of
1045 2445 1166 2482 your
1198 2430 1355 2474 native
1387 2429 1562 2482 landP;
1595 2431 1774 2474 confert
1805 2438 1987 2475 autem:
2019 2431 2196 2476 Aesch.

482 2527 572 2579 Ag.
608 2525 721 2570 1194
753 2528 974 2583 ἥμαρτον,
1005 2528 1035 2582 ἢ
1068 2529 1201 2582 κυρῶ
1232 2540 1288 2580 τι,
1319 2524 1510 2581 τοξότης
1539 2540 1606 2575 τις
1637 2526 1714 2575 ὥς.
1743 2523 1834 2570 Sed
1864 2540 1967 2570 eam
1986 2526 2083 2571 vim
2101 2542 2197 2572 non

483 2621 623 2666 habet
654 2621 873 2674 tangendi
906 2621 1133 2672 verbum:
1166 2629 1409 2672 praeterea
1438 2635 1602 2665 oram
1634 2619 1882 2672 patriae
1914 2635 2000 2672 pro
2032 2629 2198 2667 terra

481 2716 682 2769 patria
713 2731 808 2761 non
841 2724 968 2760 recte
1001 2715 1177 2760 dictum
1210 2730 1312 2760 esse
1346 2715 1662 2768 Hertzbergio
1694 2715 1933 2768 assentior,
1951 2716 2030 2769 qui
2048 2716 2138 2761 loci
2157 2715 2197 2775 1)

481 2812 757 2857 sententiam
775 2812 950 2865 optime
968 2811 1229 2864 perspexit:
1248 2811 1394 2863 „fines
1411 2811 1599 2863 patriae,
1617 2811 1780 2865 inquit,
1798 2812 1921 2856 vallo
1940 2810 2196 2856 Mevanate

480 2907 852 2960 continguntur”.
887 2906 1097 2953 Cancelli
1132 2907 1268 2960 igitur
1284 2906 1473 2952 delendi
1491 2915 1612 2958 sunt,
1636 2915 1889 2960 nosterque
1905 2921 2071 2952 versus
2086 2921 2196 2951 cum

485 3003 698 3056 sequenti
731 3003 1101 3056 coniungendus.

484 3134 577 3178 Pro
623 3132 670 3177 U
684 3148 730 3177 m
746 3133 776 3177 b
791 3149 817 3177 e
831 3148 855 3177 r
898 3148 1006 3178 cum
1051 3132 1302 3187 Suringaro
1345 3148 1375 3178 u
1391 3133 1421 3176 b
1435 3148 1461 3177 e
1473 3148 1496 3176 r
1540 3132 1735 3185 corrigo,
1782 3147 1890 3176 nam
1939 3131 1987 3176 U
2002 3147 2048 3176 m
2062 3132 2093 3176 b
2106 3147 2130 3176 r
2142 3131 2156 3176 i
2170 3147 2197 3176 a

483 3244 513 3281 q
528 3243 558 3271 u
573 3243 599 3272 a
643 3228 656 3271 l
671 3243 697 3271 a
709 3243 734 3272 c
749 3243 779 3272 u
794 3243 815 3272 s
860 3228 908 3273 U
924 3243 970 3272 m
984 3228 1014 3273 b
1027 3243 1052 3273 e
1067 3240 1090 3271 r
1127 3237 1144 3272 t
1158 3244 1184 3273 e
1198 3243 1228 3280 p
1243 3243 1269 3273 e
1281 3236 1298 3271 t
1336 3227 1633 3272 balbutientis
1677 3235 1745 3272 est
1788 3235 1938 3279 poeta,
1986 3235 2036 3271 ut
2069 3234 2196 3272 recte

482 3323 671 3367 adnotat
703 3323 1029 3368 Baehrensius.

399 3452 426 3497 ¹)
477 3456 566 3490 Non
593 3457 842 3491 necessarium
868 3463 926 3490 est
952 3467 1034 3490 cum
1063 3455 1289 3490 Marklando
1315 3467 1381 3496 pro
1408 3463 1423 3490 t
1437 3467 1457 3490 a
1471 3467 1494 3490 n
1507 3461 1528 3497 g
1539 3455 1550 3489 i
1562 3462 1576 3489 t
1586 3467 1608 3489 u
1619 3467 1636 3489 r
1667 3461 1684 3490 t
1695 3467 1717 3489 e
1730 3467 1756 3490 n
1767 3456 1814 3490 di
1825 3461 1875 3489 tu
1887 3467 1907 3490 ι·
1933 3465 2124 3496 reponere.
