2566 3886
330 1553 401 1599 39.

329 2392 401 2436 41.

1129 269 1188 276 —-
1219 244 1307 290 340
1336 269 1396 276 —

468 375 603 419 affert
646 375 802 419 fumus
847 374 1039 426 fabrilis,
1086 383 1132 419 et
1178 374 1239 419 ib.
1286 374 1458 419 XXIII
1506 375 1527 419 l
1577 375 1634 420 22
1679 379 1703 428 ἓ
1746 375 1827 421 40:
1886 391 1969 421 sua
2014 377 2185 431 cuique

467 469 581 514 vino
611 469 756 514 saliva
786 469 1180 521 innocentissima,
1212 484 1295 514 sua
1312 469 1483 523 cuique
1499 478 1623 514 aetas
1640 470 1909 523 gratissima.
1928 471 2185 525 Postgatius

468 578 660 617 quoque
706 564 766 608 ad
813 564 1063 609 lectionem
1127 563 1223 608 DV
1270 564 1568 609 fortasse
1615 573 1802 609 recte
1849 565 2088 610 adnotavit
2136 566 2184 610 in

463 667 687 711 apparatu
738 658 900 704 critico
946 659 1161 704 editionis
1207 674 1247 703 a.
1297 658 1425 704 1894.
1472 658 1519 703 Si
1566 667 1721 704 tamen
1768 668 1955 713 grata
2000 660 2088 705 fuit
2135 661 2184 706 in

461 755 732 806 archetypo,
778 769 874 799 non
922 753 1232 807 intelligimus,
1279 755 1632 806 quonammodo
1686 753 1988 806 Neapolitani
2047 755 2184 800 lectio

465 847 723 894 Graeca
769 858 870 894 orta
915 849 986 894 sit.
1035 849 1192 900 Quam
1239 849 1302 893 ob
1334 863 1522 893 causam
1556 849 1778 902 equidem
1811 849 2028 902 amplecti
2060 850 2184 895 malo

465 943 685 988 Palmerii
717 944 1095 989 emendationem
1141 943 1341 989 Graia
1379 959 1473 997 qua
1502 943 1655 988 forma
1693 943 1966 996 Propertius
1997 959 2185 996 semper

464 1039 636 1091 utitur;
684 1038 814 1084 Gra
831 1039 845 1083 i
862 1054 889 1083 a
950 1038 1076 1084 enim
1123 1039 1161 1083 si
1205 1039 1317 1083 olim
1362 1038 1410 1083 in
1452 1039 1708 1091 archetypo
1754 1038 1899 1083 fuisse
1941 1039 2183 1092 sumimus,

464 1134 623 1178 omnia
679 1133 927 1186 perspicua
976 1134 1117 1179 fiunt:
1179 1132 1522 1186 Neapolitanus
1571 1132 1776 1178 Graia
1828 1133 1876 1177 in
1924 1132 2185 1178 Graeca

463 1229 673 1280 mutavit,
705 1244 847 1282 quam
879 1229 1076 1273 formam
1109 1228 1284 1272 librarii
1316 1244 1375 1272 ex
1408 1228 1712 1281 scriptoribus
1729 1228 2023 1280 pedestribus
2040 1227 2184 1282 magis

466 1332 624 1368 notam
671 1323 932 1375 habebant;
978 1322 1183 1368 Graia
1213 1332 1369 1368 autem
1402 1323 1619 1367 facillime
1651 1323 1699 1367 in
1731 1331 1914 1376 grata
1943 1322 2183 1375 corrumpi

463 1433 600 1472 posse
631 1418 713 1463 vix
744 1427 814 1463 est
844 1418 972 1471 quod
1004 1433 1237 1462 moneam.

464 1554 593 1606 Nile,
625 1563 732 1599 tuus
763 1554 937 1599 tibicen
969 1562 1080 1606 erat,
1113 1553 1387 1598 crotalistria
1419 1553 1596 1605 Phyllis

463 1649 578 1694 Non
610 1664 728 1702 opus
760 1658 830 1694 est
860 1665 969 1694 cum
1003 1649 1290 1694 Baehrensio
1336 1647 1386 1692 N
1404 1648 1418 1692 i
1435 1649 1450 1692 l
1467 1657 1572 1693 ote
1590 1664 1611 1693 s
1643 1648 1860 1693 conicere
1891 1663 1978 1700 pro
2009 1648 2182 1701 Nile,

462 1754 526 1790 tu
544 1760 628 1790 us.
658 1744 817 1790 Versu
849 1744 907 1790 40
938 1745 1017 1789 ille
1048 1744 1217 1789 iniuria
1247 1743 1431 1796 scripsit
1466 1744 1583 1787 hae
1601 1758 1627 1787 c
1658 1758 1744 1795 pro
1781 1751 1855 1787 et.

463 1876 501 1921 P
519 1876 550 1920 h
567 1891 599 1928 y
615 1877 630 1920 l
647 1876 661 1921 l
678 1876 692 1920 i
711 1891 732 1920 s
763 1891 821 1920 an
854 1875 931 1920 hic
962 1876 1079 1920 falso
1106 1874 1327 1919 traditum
1355 1874 1425 1926 sit,
1455 1873 1634 1918 dubitat
1651 1873 1973 1926 Burmannus;
1997 1888 2182 1927 „neque

461 1971 588 2016 enim
621 1971 723 2016 veri
755 1971 905 2016 simile
936 1971 1153 2015 videtur’'
1186 1970 1338 2022 inquit
1369 1978 1584 2022 „poetam
1610 1968 1719 2013 huic
1736 1968 2036 2013 crotalistriae
2054 1968 2180 2013 idem

462 2066 649 2110 dedisse
695 2081 886 2118 nomen,
929 2066 1059 2119 quod
1105 2065 1289 2118 puellae
1336 2079 1538 2117 quacum
1578 2064 1983 2116 voluptuabatur'’.
2032 2062 2180 2108 Aliud

462 2161 599 2214 igitur
631 2176 805 2206 nomen
836 2160 1038 2205 feminae
1070 2160 1146 2204 hic
1178 2161 1322 2204 latere
1354 2158 1616 2211 suspicatus
1647 2158 1755 2203 satis
1787 2158 2026 2211 ingeniose
2057 2157 2182 2202 coni-

462 2256 549 2300 cit:
594 2255 632 2299 P
650 2255 713 2300 hi
730 2256 761 2300 d
779 2256 845 2300 is.

464 2391 669 2444 Magnus
700 2400 746 2435 et
776 2391 876 2443 ipse
906 2405 1016 2435 suos
1048 2390 1256 2435 breviter
1286 2398 1534 2434 concretus
1565 2390 1612 2434 in
1645 2399 1771 2435 artus

464 2485 636 2530 Birtius
683 2483 771 2543 (de
808 2500 1023 2530 amorum
1055 2486 1314 2530 simulacris
1345 2501 1389 2538 p.
1424 2484 1521 2543 IX)
1553 2494 1599 2530 et
1630 2494 1735 2537 post
1765 2501 1874 2530 eum
1909 2485 2181 2539 Risbergius

463 2579 740 2640 (Emendat.
772 2590 819 2625 et
851 2580 1032 2632 Explic.
1066 2580 1207 2633 Prop.
1240 2596 1285 2633 p.
1318 2577 1402 2638 52)
1441 2579 1497 2624 M
1516 2588 1629 2633 agn
1646 2596 1677 2624 u
1695 2595 1730 2632 s,
1762 2580 1890 2633 quod
1923 2579 2180 2625 Beroaldus

463 2676 511 2720 in
558 2691 631 2720 na
647 2692 678 2720 ιι
695 2692 727 2720 ιι
744 2690 766 2720 s
813 2676 1009 2721 mutavit
1057 2675 1387 2727 plaudentibus
1433 2674 1704 2727 editoribus,
1737 2675 1996 2720 defendere
2027 2675 2180 2720 conati

461 2780 568 2816 sunt
599 2772 768 2816 collato
784 2771 887 2816 Iuv.
905 2771 1043 2823 VIII,
1061 2770 1118 2815 32
1136 2786 1147 2814 :
1178 2786 1354 2815 nanum
1372 2769 1615 2814 cuiusdam
1632 2770 1824 2814 Atlanta
1854 2784 2094 2821 vocamus,
2120 2769 2179 2814 cf.

463 2875 619 2910 tamen
652 2866 1000 2911 Rothsteinium
1032 2865 1080 2909 in
1113 2866 1375 2918 appendice
1406 2865 1623 2910 editionis
1644 2881 1689 2918 p.
1707 2864 1808 2916 379,
1829 2879 1972 2917 quem
1993 2873 2180 2911 secutus

463 2975 571 3005 cum
605 2961 837 3006 Beroaldo
868 2976 899 3005 n
915 2975 943 3005 a
955 2976 986 3004 n
1003 2976 1035 3005 u
1052 2975 1073 3004 s
1104 2960 1300 3013 corrigo.

331 3095 403 3141 48.
466 3097 543 3142 De
574 3098 665 3142 hoc
696 3112 838 3142 versu
871 3097 1050 3150 egimus
1081 3097 1140 3141 ad
1174 3096 1235 3148 ΙΙ,
1267 3036 1339 3167 ἐξ,
1375 3096 1444 3148 11,

331 3238 401 3283 77.
434 3238 505 3283 78.
537 3240 657 3284 colla
687 3253 803 3284 cave
834 3238 1041 3283 inflectas
1072 3238 1130 3282 ad
1163 3253 1399 3282 summum
1433 3237 1622 3290 obliqua
1646 3237 1893 3289 theatrum,

582 3342 661 3378 aut
691 3333 854 3377 lectica
885 3341 991 3376 tuae
1023 3332 1158 3376 sudet
1189 3340 1348 3383 aperta
1378 3345 1551 3376 morae.

466 3428 658 3473 Etiamsi
705 3442 813 3472 cum
862 3425 1156 3471 Rothsteinio
1202 3425 1429 3470 sumimus
1475 3424 1675 3469 sudandi
1720 3424 1920 3469 verbum
1961 3438 1989 3468 a
2029 3423 2177 3469 servis
