2566 3886
1136 254 1401 301 —158-

594 400 687 429 non
721 394 806 439 ego
838 401 966 431 nunc
998 401 1169 431 vereor
1200 400 1260 431 ne
1294 386 1381 431 sim
1414 385 1495 430 tibi
1528 386 1666 431 vilior
1697 386 1819 431 istis:

712 480 792 525 uni
825 480 862 525 si
894 496 987 534 qua
1019 482 1183 534 placet,
1217 482 1340 526 culta
1371 482 1526 535 puella
1557 491 1625 526 sat
1656 491 1750 527 est:

592 590 700 619 cum
733 575 815 620 tibi
848 577 1121 628 praesertim
1156 577 1379 622 Phoebus
1414 592 1498 622 sua
1529 577 1736 622 carmina
1767 578 1924 629 donet,

710 671 1013 726 Aoniamque
1048 672 1199 718 libens
1231 672 1475 726 Calliopea
1506 674 1670 725 lyram.

475 764 619 816 Quod
654 775 810 811 autem
851 767 1250 819 pronominis
1294 783 1596 813 numerus
1639 776 1927 819 mutatur,
1969 782 2191 820 comparo

475 860 536 913 11,
569 860 641 913 23,
674 860 818 906 3—9:

591 956 903 1010 ingenuus
947 957 1194 1011 quisquam
1227 958 1415 1003 alterius
1457 958 1559 1002 dat
1602 973 1799 1003 munera
1830 972 1983 1010 servo,

711 1060 762 1096 ut
793 1052 1022 1104 promissa
1053 1068 1164 1098 suae
1197 1052 1343 1097 verba
1373 1053 1491 1097 ferat
1523 1051 1782 1097 dominae?

591 1156 637 1191 et
680 1147 929 1200 quaerit
972 1147 1141 1193 totiens
1173 1148 1451 1200 „Quaenam
1485 1163 1611 1192 nunc
1643 1147 1850 1200 porticus
1881 1147 2006 1192 illam

711 1242 931 1295 integit?''
965 1251 1011 1288 et
1043 1242 1258 1297 „Campo
1290 1258 1385 1297 quo
1417 1252 1578 1288 movet
1609 1243 1685 1287 illa
1716 1243 1862 1296 pedes
1876 1242 1930 1287 ?’'

591 1337 778 1390 deinde,
810 1338 891 1383 ubi
936 1339 1302 1391 pertuleris,
1348 1354 1467 1392 quos
1500 1338 1612 1383 dicit
1640 1338 1765 1383 fama
1796 1337 1979 1382 labores

711 1433 948 1486 Herculis,
981 1443 1030 1479 ut
1062 1434 1233 1479 scribat
1264 1434 1503 1487 „muneris
1535 1434 1704 1487 ecquid
1737 1433 1881 1478 habes
1895 1431 1950 1477 ?”

591 1543 787 1573 cernere
819 1529 886 1574 uti
931 1529 1139 1582 possis
1181 1530 1365 1575 vultum
1398 1530 1604 1575 custodis
1635 1528 1794 1574 amari.

1023 1967 1279 2014 ELEGIA
1310 1967 1495 2013 XXVI.

468 2100 548 2144 Ad
582 2115 773 2144 versum
806 2099 860 2144 21
880 2099 1019 2144 huius
1036 2099 1210 2153 elegiae
1228 2099 1527 2144 Burmannus
1543 2107 1755 2143 annotat:
1774 2114 1976 2151 „novam
1990 2099 2182 2153 elegiam

467 2195 543 2240 hic
560 2196 872 2241 incohandam
889 2211 1030 2240 nemo
1047 2195 1179 2240 facile
1196 2194 1395 2248 negabit,
1412 2194 1522 2248 quia
1538 2194 1779 2248 sequentia
1799 2194 1915 2239 nihil
1931 2209 2183 2240 commune

465 2290 639 2335 habent
685 2306 793 2336 cum
840 2290 1230 2343 praecedentibus
1262 2291 1322 2335 de
1354 2290 1537 2335 somnio
1569 2289 1815 2342 Propertii,
1847 2291 1975 2343 quod
2007 2290 2183 2344 optime

469 2385 548 2430 illo
579 2400 721 2430 versu
753 2386 1027 2431 absolvitur:
1059 2401 1168 2431 cum
1201 2385 1315 2430 mihi
1347 2385 1562 2430 discussit
1592 2385 1699 2430 talia
1730 2385 1830 2430 visa
1860 2386 2057 2430 metus.’'

468 2479 591 2525 Eum
653 2481 799 2526 secuti
861 2489 968 2525 sunt
1029 2480 1129 2525 fere
1189 2495 1355 2525 omnes
1402 2480 1605 2525 editores
1656 2479 1973 2534 Hertzbergio
2006 2480 2181 2533 Paleyo

467 2575 761 2620 Phillimorio
793 2576 1000 2628 exceptis
1038 2590 1241 2629 quorum
1275 2575 1645 2630 Hertzbergius:
1679 2576 1820 2628 „Quo
1866 2576 2182 2629 pulcherrima

465 2671 542 2715 illa
572 2671 741 2715 somnii
773 2671 921 2716 visio”
953 2671 1103 2724 inquit
1135 2670 1252 2723 „nisi
1285 2671 1343 2715 ad
1375 2679 1556 2716 certum
1588 2671 1731 2732 finem
1748 2679 1793 2715 et
1810 2671 1986 2715 exitum
2004 2669 2180 2715 ducat?

464 2766 545 2811 An
578 2767 625 2811 in
658 2767 841 2812 fumum
873 2776 1052 2812 temere
1086 2767 1215 2812 abire
1247 2766 1405 2811 omnia
1436 2766 1563 2811 dicas
1576 2764 1632 2809 P”

464 2859 556 2906 Sed
588 2861 674 2906 etsi
706 2870 844 2914 poeta
874 2862 922 2906 in
954 2870 1155 2915 utroque
1186 2861 1395 2906 carmine
1415 2861 1475 2906 de
1491 2860 1657 2905 itinere
1681 2859 1914 2905 maritimo
1930 2860 2007 2904 vel
2024 2859 2178 2912 potius

464 2957 524 3000 de
556 2956 796 3009 naufragio
827 2956 930 3010 agit,
963 2971 1190 3010 suamque
1227 2956 1369 3001 fidem
1401 2956 1449 3000 in
1481 2955 1703 3000 extremis
1735 2954 1955 3007 periculis
1986 2962 2178 3000 testatur

463 3049 547 3108 (cf.
592 3067 636 3096 v.
684 3050 758 3096 19:
791 3061 841 3096 ut
872 3052 1075 3105 puellam
1113 3061 1283 3104 servet,
1316 3052 1376 3096 de
1408 3065 1593 3096 summo
1625 3065 1737 3095 saxo
1769 3050 2036 3095 desulturus
2068 3047 2176 3108 est),

462 3147 651 3192 alterius
693 3147 835 3200 partis
878 3147 1010 3192 initio
1053 3162 1231 3193 novum
1263 3147 1493 3192 inducens
1524 3155 1849 3200 argumentum
1882 3145 2119 3190 aemulum
2150 3159 2177 3190 a

463 3257 513 3288 se
545 3251 777 3288 remotum
811 3257 913 3287 esse
945 3243 1065 3288 elato
1103 3242 1260 3287 animo
1292 3257 1482 3287 narrare
1513 3241 1689 3294 incipit,
1722 3241 1894 3286 deinde
1925 3241 2084 3286 denuo
2114 3241 2175 3285 de

464 3337 556 3382 fide
604 3353 687 3382 sua
731 3337 961 3391 loquitur:
1010 3337 1164 3389 primo
1211 3345 1367 3382 autem
1415 3351 1557 3382 versu
1604 3334 1716 3394 (21)
1761 3351 1934 3381 novam
1966 3335 2175 3388 incipere

463 3432 657 3485 elegiam
689 3432 844 3485 quivis
876 3431 1027 3476 sentit.
