2566 3886
388 2693 458 2738 40.

389 2918 460 2963 46.

390 3037 461 3082 50.

1168 241 1434 287 -294-

511 371 688 415 Veram
730 371 1161 424 interpretationem
1194 371 1323 415 dedit
1354 372 1429 415 vir
1459 373 1515 416 cl.
1550 372 1810 417 Hartman:
1843 372 2225 426 „Antiquissimis

510 466 598 510 illis
629 466 921 518 temporibus
955 465 1186 510 Romulus
1218 466 1549 519 triumphavit3
1582 468 1710 520 quod
1743 482 1803 512 ne
1821 467 1993 512 mirum
2010 468 2226 513 videatur

511 561 768 605 tenendum
813 569 882 605 est
927 562 1195 612 complures
1237 561 1393 613 urbes,
1436 577 1556 615 quae
1599 577 1725 606 nunc
1761 577 1856 607 non
1889 562 1980 607 iam
2013 563 2224 615 existant,

509 665 586 700 aut
629 671 735 708 pars
770 655 950 700 Romae
980 656 1129 700 factae
1161 656 1265 707 sint,
1298 671 1497 708 quarum
1530 657 1577 700 in
1610 672 1810 701 numero
1842 657 2088 702 habendae
2119 666 2227 703 sunt

510 751 735 802 Bovillae,
771 751 961 795 Romuli
993 751 1267 805 aequalibus
1299 760 1446 796 terras
1478 760 1695 797 externas
1726 752 1917 797 fuisse'’.

513 846 637 899 Ergo
670 847 839 891 iniuria
870 847 1025 891 virum
1058 848 1249 891 doctum
1284 845 1398 891 Otto
1429 844 1645 904 (Comm.
1678 848 1725 892 in
1758 848 1867 892 hon.
1902 847 2038 892 Reiff.
2071 862 2115 900 p.
2147 845 2228 905 11)

512 957 703 986 versum
748 941 879 986 3132
924 951 1027 994 post
1074 943 1169 986 duo
1216 942 1293 986 illa
1324 941 1533 994 disticha,
1566 943 1627 987 de
1659 942 1830 996 quibus
1861 943 2053 996 agimus,
2085 951 2229 988 trans·

510 1052 688 1090 ponere
734 1038 857 1081 velle
904 1052 1089 1089 censeo,
1122 1052 1408 1090 quamquam
1441 1052 1549 1082 cum
1581 1037 1660 1082 illo
1692 1046 1738 1082 et
1770 1037 2035 1083 Hartmano
2066 1053 2229 1083 veram

513 1132 637 1176 duco
668 1132 1076 1184 transpositionem
1111 1132 1227 1176 Luc.
1261 1132 1508 1177 Muelleri:

666 1227 842 1280 quippe
874 1227 1171 1272 suburbanae
1203 1242 1350 1280 parva
1381 1228 1536 1272 minus
1568 1228 1687 1273 urbe
1719 1229 1928 1273 Bovillae

737 1337 791 1366 ac
823 1322 906 1366 tibi
927 1319 968 1379 ¹)
1001 1322 1207 1367 Fidenas
1238 1323 1374 1376 longa
1404 1331 1503 1367 erat
1534 1323 1625 1368 isse
1656 1323 1747 1374 via,

667 1425 713 1460 et
744 1417 866 1461 stetit
897 1417 1024 1462 Alba
1055 1426 1235 1470 potens,
1267 1417 1400 1462 albae
1432 1418 1527 1463 suis
1558 1418 1716 1463 omine
1749 1426 1868 1470 nata,

739 1520 785 1556 et
816 1511 896 1564 qui
930 1527 1056 1556 nunc
1087 1512 1216 1564 nulli,
1250 1513 1453 1557 maxima
1482 1512 1620 1558 turba
1651 1512 1789 1558 Gabi.

518 1607 774 1658 Quomodo
818 1622 886 1658 ea,
931 1622 1054 1659 quae
1098 1623 1225 1652 nunc
1256 1607 1557 1652 tractavimus
1590 1623 1699 1652 cum
1731 1607 2036 1660 sequentibus
2068 1609 2232 1653 cohae-

515 1711 661 1754 reant,
694 1702 996 1754 perspicuum
1029 1711 1118 1747 est:
1151 1701 1226 1747 Sic
1258 1711 1394 1747 antea
1424 1711 1567 1748 status
1598 1719 1756 1748 rerum
1789 1712 1902 1755 erat,
1935 1719 2062 1748 nunc
2081 1703 2234 1748 Roma

516 1807 689 1842 tantam
722 1798 862 1843 habet
894 1799 1163 1851 potentiam,
1195 1807 1246 1843 ut
1288 1799 1370 1843 vix
1413 1799 1577 1843 credas
1609 1798 1775 1843 urbam
1807 1798 2232 1851 splendidissimam

515 1911 575 1939 ex
606 1903 699 1939 tam
733 1910 878 1947 parva
909 1895 1087 1948 origine
1118 1902 1273 1938 natam
1306 1909 1422 1938 esse.

515 1992 674 2036 Versu
707 1989 764 2035 38
796 2005 905 2035 cum
939 1990 1227 2035 Baehrensio
1258 1990 1464 2043 corrigo:
1508 1997 1681 2042 patet
1723 2004 1810 2041 pro
1852 1997 2044 2042 putet.

517 2086 654 2131 Tunc
698 2087 857 2131 omnia
899 2086 1022 2131 bene
1057 2086 1346 2138 procedunt:
1381 2084 1686 2136 Felicissime,
1718 2083 1875 2136 Troia,
1906 2092 2098 2137 penates
2129 2092 2234 2129 tuos

518 2182 787 2226 transtulisti
820 2182 867 2226 in
901 2182 1083 2233 urbem,
1116 2196 1238 2234 quae
1261 2195 1372 2225 mox
1389 2179 1708 2232 potentissima
1724 2179 1881 2224 futura
1896 2187 2008 2231 erat,
2025 2179 2234 2231 talesque

522 2277 649 2322 viros
666 2278 813 2321 latura
829 2286 941 2329 erat,
959 2278 1120 2330 quales
1135 2277 1326 2321 fuerunt
1341 2275 1517 2320 Decius
1536 2275 1708 2320 Brutus
1722 2275 1963 2328 Augustus
1978 2290 1989 2318 τ
2007 2283 2053 2319 et
2066 2274 2234 2319 merito

518 2372 703 2416 felicem
736 2371 964 2416 habemus
995 2373 1117 2416 hanc
1148 2380 1335 2423 terram,
1367 2386 1488 2424 quae
1520 2371 1634 2415 deos
1665 2369 1895 2415 Troianos
1918 2369 2108 2422 recepit,
2124 2384 2232 2414 nam

520 2475 565 2511 et
609 2465 784 2518 Sibylla
826 2466 925 2518 ipsa
958 2466 1162 2510 Remum
1196 2465 1327 2510 iussit
1357 2466 1594 2517 auspicato
1626 2465 1832 2510 condere
1864 2464 2032 2509 urbem
2064 2472 2111 2508 et
2141 2464 2233 2509 iam

520 2562 788 2607 Cassandra
820 2562 929 2606 belli
961 2561 1154 2614 gloriam
1189 2561 1512 2605 Romanorum
1545 2560 1790 2613 praedixit.

522 2693 616 2737 Pro
659 2693 775 2737 heu
813 2707 921 2736 cum
961 2692 1086 2736 Italis
1116 2692 1218 2744 lego
1250 2706 1347 2743 en;
1381 2699 1606 2735 monstrat
1636 2690 1761 2735 enim
1795 2690 1940 2735 Poeta
1970 2690 2129 2735 nescio
2159 2689 2236 2734 cui

522 2803 674 2832 novae
707 2787 854 2832 Urbis
886 2787 1122 2831 miracula.

524 2919 618 2963 Pro
649 2918 820 2962 vexit
852 2933 957 2962 cum
992 2917 1046 2962 L.
1081 2917 1318 2962 Muellero
1350 2917 1524 2962 auxit
1555 2917 1761 2962 restituo.

524 3038 669 3089 Quod
700 3037 862 3082 attinet
892 3038 951 3081 ad
984 3051 1175 3082 versum
1208 3035 1531 3081 difficillimum
1565 3035 1622 3081 50

676 3133 792 3192 dixit
822 3132 1067 3178 Aventino
1097 3147 1208 3178 rura
1238 3132 1410 3186 pianda
1438 3132 1605 3183 Remo,

524 3229 626 3273 sine
657 3228 803 3273 dubio
833 3228 975 3273 falsae
1007 3237 1115 3272 sunt
1145 3227 1442 3272 coniecturae
1472 3227 1746 3272 Baehrensii

678 3324 841 3369 dixit
883 3323 954 3368 ab
998 3332 1229 3368 eventu
1273 3322 1467 3367 verba
1510 3322 1835 3375 probanda
1878 3321 2053 3372 bono,

445 3445 470 3487 ¹)
519 3446 579 3480 Sic
606 3446 865 3480 Baehrensius.
