2566 3886
216 1353 288 1399 53.

1001 269 1265 314 -111-

348 404 455 450 Cui
483 404 526 449 si
556 412 660 448 tam
692 404 899 456 longae,
931 402 1059 455 quod
1093 399 1349 445 Liveneius
1380 398 1594 450 coniecit,
1626 398 1734 443 ideo
1765 396 1879 441 mihi
1904 396 2059 441 minus

344 500 509 553 placet,
555 499 683 552 quod
730 498 1102 550 longaevae
1148 494 1527 540 emendationem
1571 508 1674 538 esse
1715 508 1775 537 ex
1822 492 2059 543 longae

346 594 500 638 minus
531 592 633 638 veri
664 591 814 637 simile
845 590 1045 635 videtur.

347 687 392 734 C
408 688 470 734 ui
532 687 583 732 si
645 686 861 732 facillime
918 686 965 730 in
1023 700 1049 730 c
1066 700 1097 730 u
1116 684 1169 729 is
1229 683 1359 729 abire
1405 692 1584 737 poterat
1630 690 1737 727 ante
1783 683 1797 726 l
1843 681 2061 727 vocabuli

346 785 406 829 lo
423 799 454 828 n
471 792 731 837 gaevae.
779 781 966 826 Deinde
1010 778 1400 837 παραδιορθώσει
1439 778 1768 830 interpolatum
1808 785 1878 821 est
1923 785 2061 821 tam.

348 877 478 929 Quid
510 892 596 930 pro
642 876 869 922 Gallie
886 891 917 920 u
934 891 956 920 s
993 874 1295 920 scribendum
1327 882 1462 926 esset,
1494 873 1583 918 viri
1610 872 1735 918 docti
1764 872 1839 917 alii
1861 869 1901 930 l)
1930 872 2063 916 aliter

347 972 697 1026 indagaverunt.
731 970 854 1016 Mihi
886 970 1089 1015 maxime
1113 969 1287 1014 arridet
1316 967 1523 1013 Hetzelii
1540 967 1808 1013 coniectura
1823 965 2062 1025 (Beitriige

348 1082 436 1112 zur
468 1067 732 1120 Erkliirung
762 1066 846 1111 des
878 1065 1163 1119 Propertius,
1197 1063 1326 1116 1890,
1358 1078 1403 1117 p.
1439 1062 1534 1120 19):

349 1163 603 1209 Graiorum
636 1162 804 1207 Iliacus
835 1161 968 1206 miles
999 1161 1047 1205 in
1079 1160 1334 1214 aggeribus.

350 1354 491 1406 testis,
522 1354 602 1407 qui
634 1353 826 1398 niveum
859 1352 1098 1406 quondam
1129 1350 1358 1405 percussit
1388 1350 1612 1396 Adonem

501 1457 751 1494 venantem
786 1448 933 1493 Idalio
964 1447 1141 1493 vertice
1172 1447 1319 1492 durus
1349 1461 1476 1500 aper.

353 1543 475 1596 Qui:
507 1544 573 1589 sic
605 1543 666 1589 Ο.

351 1638 465 1684 Non
504 1639 721 1693 singulari
760 1639 962 1693 quadam
1000 1637 1242 1692 sagacitate
1280 1652 1399 1691 opus
1437 1646 1507 1682 est
1540 1638 1599 1682 ad
1646 1638 2065 1683 demonstrandum

352 1750 451 1786 nos,
482 1734 520 1779 si
552 1750 660 1779 cum
694 1734 988 1779 Rothsteinio
1019 1742 1066 1778 et
1098 1733 1388 1778 Phillimorio
1422 1732 1658 1778 Huschkii
1690 1733 2067 1778 emendationem

352 1830 452 1875 cui
483 1844 771 1883 spernamus,
803 1829 1005 1874 absurda
1036 1828 1267 1881 Propertii
1299 1828 1535 1873 dicentem
1567 1829 1735 1873 iacere.

356 1925 490 1970 Nihil
536 1926 662 1970 enim
709 1925 822 1970 dicit
866 1924 1199 1977 Rothsteinius,
1242 1940 1351 1970 cum
1395 1933 1607 1969 annotat:
1641 1925 1757 1977 „der
1788 1924 1918 1969 Eber
1948 1924 2067 1969 wird

355 2021 458 2066 hier
489 2020 766 2065 schwerlich
798 2020 846 2065 in
878 2021 987 2065 dem
1020 2019 1163 2066 Sinne
1193 2021 1260 2065 als
1292 2020 1453 2074 Zeuge
1483 2020 1753 2073 angerufen,
1785 2020 1851 2064 als
1880 2019 2001 2064 habe
2018 2034 2071 2064 er

354 2116 431 2161 die
462 2114 646 2161 Trauer
675 2116 761 2160 der
792 2114 956 2161 Gottin
989 2115 1132 2160 selbst
1154 2116 1238 2160 mit
1259 2116 1537 2169 angesehen,
1554 2116 1760 2160 sondern
1777 2130 1830 2160 er
1846 2115 1904 2160 ist
1919 2115 2070 2160 durch

353 2211 481 2256 seine
527 2210 650 2256 That
701 2212 798 2256 und
848 2212 944 2263 da8‚
991 2226 1088 2256 was
1135 2211 1235 2256 sich
1282 2212 1428 2256 daran
1475 2212 1770 2264 geschlossen
1818 2212 1910 2263 hat,
1960 2211 2069 2255 dem

358 2306 556 2351 Dichter
592 2306 668 2351 ein
709 2306 891 2352 Beweis
929 2307 1003 2351 fiir
1040 2307 1136 2359 das,
1175 2322 1272 2352 was
1303 2307 1425 2351 eben
1458 2306 1711 2359 behauptet
1741 2307 1937 2352 worden
1970 2307 2071 2351 ist’'.

359 2401 484 2447 Vide
516 2411 686 2454 autem,
717 2417 858 2456 quam
888 2403 1035 2456 longis
1059 2418 1177 2456 opus
1194 2403 1252 2448 sit
1280 2402 1565 2456 ambagibus,
1588 2412 1639 2447 ut
1659 2418 1849 2448 sensum
1871 2403 2018 2448 ullum
2045 2417 2073 2447 e

359 2497 516 2543 verbis
532 2497 710 2543 traditis
726 2498 1015 2544 excutiamus
1030 2514 1041 2551 ;
1064 2507 1201 2552 poeta
1217 2498 1344 2544 enim
1361 2499 1684 2543 demonstrare
1700 2499 1802 2543 vult
1817 2506 2071 2543 amatorem

359 2593 498 2638 etiam
535 2602 639 2646 post
670 2603 869 2639 mortem
901 2594 1063 2639 defleri
1095 2595 1272 2647 solere3
1305 2594 1342 2640 si
1374 2595 1432 2639 ad
1466 2594 1664 2639 litteram
1698 2595 2072 2646 interpretamur,

361 2687 507 2732 verba
537 2697 702 2740 poetae
734 2689 821 2733 sibi
852 2690 1019 2734 volunt
1050 2690 1163 2734 hoc:
1205 2690 1342 2734 eius
1386 2690 1478 2734 rei
1521 2689 1710 2734 testis
1751 2689 1875 2734 erit
1912 2703 2073 2740 aper,

360 2782 577 2835 absurde,
609 2791 660 2828 ut
690 2783 881 2836 opinor;
913 2799 1068 2837 neque
1100 2784 1200 2829 sine
1232 2799 1371 2829 causa
1401 2784 1590 2837 ridebis,
1623 2784 1660 2830 si
1683 2784 1844 2837 Paleyi
1870 2784 2073 2829 iocosam

362 2877 708 2922 annotationem
725 2878 869 2932 leges:
895 2879 1072 2924 testis
1097 2879 1198 2932 qui
1224 2879 1493 2924 introduces
1510 2881 1588 2925 the
1604 2879 1820 2924 manifest
1834 2879 2075 2931 absurdity

363 2971 410 3015 of
450 2986 478 3015 a
517 2971 633 3017 boar
669 2973 808 3026 being
844 2989 872 3018 a
902 2974 1091 3019 witness
1129 2982 1176 3019 to
1207 2989 1235 3019 a
1266 2975 1415 3019 moral
1447 2976 1588 3020 trmh.
1619 2975 1732 3020 Alio
1763 2975 1901 3028 igitur
1932 2975 2076 3019 modo

366 3065 685 3111 Rothsteinius
723 3068 878 3112 locum
918 3068 1211 3120 interpretari
1249 3078 1470 3114 conatur:
1508 3084 1634 3122 „non
1671 3084 1785 3122 aper
1816 3070 1943 3114 testis
1974 3069 2075 3121 erit,

366 3161 448 3205 sed
484 3160 658 3206 factum
701 3161 816 3214 eius,
859 3170 952 3214 aut,
989 3163 1213 3214 quoniam
1244 3178 1305 3208 ne
1336 3164 1426 3208 hoc
1458 3163 1650 3216 quidem
1682 3164 1730 3208 in
1762 3165 1888 3210 hunc
1919 3165 2075 3210 locum

284 3313 309 3359 ¹)
359 3315 606 3351 Coniecturae
645 3324 906 3351 enumerantur
943 3314 1129 3360 (Jahresb.
1169 3319 1326 3353 Bursian
1363 3319 1408 3353 ⁴6
1447 3320 1539 3354 Bnd.
1567 3319 1671 3361 1886,
1698 3332 1730 3360 p.
1759 3317 1855 3364 188).
1884 3321 1942 3355 De
1968 3322 2077 3356 Birtii

236 3388 482 3450 explicatione
508 3389 613 3423 voci·
639 3387 882 3423 Gallicus
908 3385 1037 3432 (RhM
1053 3386 1135 3431 Ph„
1164 3389 1220 3431 51,
1248 3401 1280 3430 p.
1308 3386 1395 3433 506)
1421 3392 1518 3425 idem
1545 3392 1667 3426 sentio
1695 3399 1805 3433 atque
1821 3392 2078 3427 Rothsteinius

237 3458 274 3491 in
299 3459 500 3498 appendice
525 3471 612 3493 suae
636 3460 810 3494 editioni·
837 3472 870 3501 p.
897 3461 976 3495 346.
