2566 3886
1187 267 1395 335 ,-9-

499 400 941 453 bitternights,
972 414 1034 444 as
1066 415 1093 444 a
1122 414 1395 453 weapon‚
1427 401 1672 454 against
1701 403 2207 455 me,anunexampled

498 495 652 541 useof
682 504 940 540 exercet
971 495 1158 548 or22i3n
1190 510 1277 547 my
1308 510 1449 540 case
1480 511 1572 548 my
1604 497 1746 541 love
1777 496 2210 549 passesbitter

497 607 528 636 n
543 592 557 636 i
571 600 598 644 g
611 592 642 635 h
655 600 673 635 t
686 606 722 643 s,
754 606 780 635 a
810 591 1045 644 tautology
1077 599 1157 635 not
1189 591 1394 636 excused
1411 590 1476 643 by
1498 591 1585 635 111.
1603 590 1674 636 24.
1692 590 1774 636 25:
1791 592 1852 636 de
1868 600 1914 636 te
1931 600 2116 637 nostras
2130 607 2207 637 me

497 686 638 731 laedit
652 687 711 730 ad
728 701 878 731 aures.
896 685 1085 730 Deinde
1101 685 1300 730 coniecit
1319 701 1356 735 ,v
1370 701 1438 731 oc
1452 701 1528 731 es.
1558 686 1656 731 Alii
1688 702 1719 730 n
1733 701 1762 731 o
1776 695 1904 731 stra
1934 695 2207 738 corruptum

497 781 722 825 habentes
795 781 920 825 aliud
996 780 1346 833 excogitavere:
1422 780 1652 825 Francius
1725 781 1755 824 d
1770 796 1800 825 u
1815 796 1892 832 ra,
1968 780 2208 826 Baehrens

497 885 743 928 maesta,
826 876 1012 921 Palmer
1085 873 1218 933 (CR.
1277 875 1339 927 II,
1401 890 1445 927 p.
1493 872 1577 933 38)
1629 885 1919 928 monstra,
1978 876 2209 922 Richards

496 968 628 1028 (CR.
684 970 821 1022 XIII,
868 986 912 1024 p.
963 967 1044 1028 15)
1091 978 1330 1023 vestra;
1367 970 1512 1023 Paley
1543 968 1687 1029 (JPh.
1719 971 1856 1023 XVI,
1888 986 1933 1024 p.
1969 969 2094 1029 183),
2126 972 2207 1025 qui

496 1074 643 1110 totum
675 1080 866 1110 versum
898 1065 964 1109 sic
995 1065 1149 1118 legere
1181 1066 1307 1110 vultz

736 1161 782 1205 in
815 1175 891 1204 me
923 1168 1081 1205 nostra
1110 1160 1278 1205 Venus
1310 1162 1433 1215 leges
1463 1171 1652 1207 exercet
1682 1177 1876 1214 amaras,

496 1264 712 1300 nostra
743 1255 964 1308 explicat:
996 1270 1125 1300 mea
1162 1264 1219 1300 et
1251 1256 1591 1309 Cynthiae;
1625 1257 1875 1302 Housman
1907 1255 2052 1316 (JPh.
2084 1257 2206 1302 XVI

495 1365 540 1403 p.
572 1348 671 1408 33.)
712 1366 800 1395 me
844 1366 963 1396 non
1005 1360 1235 1396 nostra.

497 1445 577 1490 Ad
610 1445 815 1498 priorem
848 1446 1115 1491 versionem
1140 1447 1486 1492 defendendam
1514 1447 1772 1501 Postgatius
1798 1447 1906 1493 citat
1924 1448 2114 1493 Petron.
2129 1447 2206 1493 94:

495 1555 638 1593 quem
669 1540 878 1585 animum
910 1541 1136 1586 adversus
1167 1541 1414 1596 Ascyltum
1446 1557 1737 1595 sumpseram
1770 1558 1879 1588 eum
1911 1543 1959 1588 in
1987 1543 2206 1597 Eumolpi

495 1636 766 1689 sanguinem
799 1637 1129 1682 exercuissem.

496 1730 645 1775 Plaut.
655 1731 832 1783 Amph.
845 1731 882 1775 l.
900 1731 938 1775 l.
956 1731 1271 1784 171:gestiunt
1282 1732 1423 1785 pugni
1435 1732 1542 1777 mei.
1563 1732 1648 1778 So.
1673 1733 1710 1778 si
1725 1733 1772 1777 in
1787 1748 1863 1778 me
1877 1733 2206 1778 exerciturus's

496 1841 671 1878 quaeso
702 1826 749 1870 in
782 1826 1006 1879 parietem
1039 1835 1090 1871 ut
1121 1827 1325 1879 primum
1358 1828 1536 1872 domes.

497 1921 602 1966 Sall.
634 1921 737 1974 Jug.
773 1920 841 1966 16.
872 1921 926 1965 2:
958 1923 1122 1966 consul
1153 1922 1381 1967 acerrime
1412 1923 1655 1967 victoriam
1688 1923 1937 1968 nobilitatis
1955 1924 2003 1968 in
2020 1923 2207 1977 plebem

496 2025 783 2061 exercuerat.

500 2111 607 2164 Ipse
639 2119 793 2155 tamen
826 2111 900 2156 vir
930 2112 1225 2157 doctissimus
1256 2112 1499 2164 profitetur
1532 2114 1685 2158 nullos
1711 2114 1839 2158 locos
1863 2114 2046 2167 repiriri
2071 2129 2208 2168 posse

496 2215 655 2252 nostro
687 2207 824 2259 plane
855 2208 1044 2259 similes,
1075 2223 1171 2260 eos,
1202 2223 1321 2261 quos
1353 2207 1515 2260 citarit,
1548 2209 1787 2260 proximos
1819 2225 1934 2254 esse.

498 2301 621 2346 Mihi
652 2302 790 2347 lectio
822 2302 1245 2355 manuscriptorum
1278 2318 1389 2348 sana
1419 2319 1522 2348 esse
1554 2304 1754 2349 videtur.

498 2397 640 2448 Quod
663 2412 968 2449 personarum
995 2398 1180 2442 numeri
1208 2398 1329 2443 inter
1354 2414 1404 2443 se
1429 2399 1664 2452 differunt,
1699 2415 1793 2444 non
1817 2409 1887 2445 est
1912 2416 1997 2444 cur
2019 2401 2207 2445 lectioni

495 2492 690 2536 traditae
727 2492 1005 2544 diffidamus,
1036 2493 1095 2538 cf.
1129 2493 1215 2545 ΙΙΙ,
1251 2494 1319 2546 16,
1360 2494 1408 2547 l;
1452 2503 1668 2540 nostra
1708 2495 1924 2540 Venus
1964 2515 2024 2531 Ξ
2061 2511 2206 2547 amor,

496 2587 577 2640 qui
610 2602 686 2632 me
717 2587 853 2639 cepit.

497 2681 640 2732 Quod
672 2682 832 2726 attinet
863 2683 922 2726 ad
960 2698 1266 2729 exercere
1303 2700 1542 2731 amaras
1574 2694 1793 2731 noctes
1826 2686 1884 2730 in
1916 2686 2205 2738 aliquem,

497 2791 769 2830 comparare
795 2777 925 2822 licet:
960 2779 1125 2830 scelus,
1158 2779 1415 2832 libidinem,
1449 2781 1689 2826 avaritiam
1722 2796 1945 2825 exercere
1976 2781 2024 2825 in
2056 2781 2206 2826 socios

496 2870 630 2929 (Liv.
662 2871 733 2924 29,
769 2872 837 2925 17,
872 2870 967 2931 13).
1000 2873 1297 2919 Burmannus
1328 2876 1387 2920 ad
1420 2875 1627 2920 Petronii
1659 2876 1815 2920 locum
1841 2876 2078 2921 laudatum
2097 2891 2204 2920 cum

497 2975 656 3011 nostro
693 2982 834 3012 versu
866 2977 1104 3020 comparat
1135 2968 1283 3014 Corn.
1316 2969 1442 3022 Nep.
1476 2970 1686 3015 Hannib.
1723 2970 1790 3023 10,
1824 2971 1874 3015 7:
1906 2972 2030 3024 apud
2062 2986 2204 3023 quem

499 3061 667 3105 eodem
698 3061 855 3106 animo
885 3063 970 3106 fuit
995 3072 1103 3116 erga
1131 3064 1308 3108 Italiam
1335 3080 1491 3117 neque
1515 3066 1640 3110 aliud
1667 3066 1919 3118 quicquam
1949 3065 2039 3118 egit
2063 3080 2203 3117 quam

498 3163 654 3208 regem
686 3155 884 3200 armavit
913 3164 959 3200 et
989 3158 1198 3202 exercuit
1228 3156 1434 3215 (Cobett
1467 3157 1676 3217 exacuit)
1707 3161 1933 3204 adversus
1966 3160 2204 3204 Romanos

499 3249 527 3293 i.
551 3264 591 3293 e.
623 3258 731 3302 rege
768 3250 847 3294 illo
883 3258 1104 3303 tanquam
1142 3251 1451 3298 instrumento
1487 3269 1582 3306 quo
1615 3254 1839 3299 Romanis
1872 3262 2063 3298 noceret
2093 3269 2204 3299 usus

499 3352 581 3388 est.
613 3343 661 3388 Si
693 3343 894 3396 Nepotis
914 3345 990 3389 hic
1006 3346 1136 3390 locus
1159 3346 1281 3390 bene
1303 3348 1498 3393 traditus
1520 3357 1602 3400 est,
1626 3349 1848 3393 defendet
1868 3348 2043 3401 optime
2066 3364 2202 3393 usum

499 3438 913 3491 allegoricum
955 3440 1090 3484 verbi
1132 3443 1478 3487 exercendi
1520 3452 1753 3488 noctes.
