2566 3886
1159 267 1213 273 —
1249 241 1424 287 338-

499 373 707 427 vestigia
738 373 839 418 veri
871 375 962 418 hoc
994 374 1099 417 loco
1131 373 1308 425 optime
1339 374 1544 418 servavit
1577 373 1632 426 F,
1665 374 1747 427 qui
1780 375 1895 419 haec
1928 374 2097 420 habet:

617 469 700 513 sed
732 467 980 512 Tiburtina
1011 468 1130 512 iacet
1161 468 1237 512 hic
1269 483 1411 513 aurea
1443 467 1651 520 Cynthia
1683 477 1820 513 terra.

499 563 754 616 Postquam
801 578 861 608 ex
907 578 1049 607 versu
1082 563 1382 616 praecedenti
1415 563 1528 607 sed
1568 564 1615 607 in
1648 564 1794 608 nostri
1826 579 2018 617 quoque
2050 579 2220 609 versus

501 658 684 702 initium
747 658 946 710 irrepsit,
1003 658 1282 702 adverbium
1331 658 1436 703 hic
1483 660 1588 703 loco
1635 668 1842 712 motum;
1887 659 2033 704 NDL
2080 660 2217 704 metri

499 768 638 797 causa
669 752 711 797 T
730 752 743 797 i
762 753 792 796 b
809 768 840 796 u
858 768 881 796 r
898 761 914 797 t
930 753 944 797 i
962 769 992 796 n
1011 768 1037 797 a
1068 753 1115 797 in
1148 752 1191 797 T
1208 754 1221 797 i
1240 753 1271 797 b
1288 769 1318 797 u
1336 769 1359 797 r
1376 769 1406 797 n
1424 769 1451 798 a
1481 754 1746 807 corrupisse
1778 755 2013 799 videntur.

1152 1096 1408 1142 ELEGIA
1439 1097 1576 1142 VIII.

429 1273 439 1284 .
503 1240 662 1292 Disce,
694 1239 808 1293 quid
843 1239 1074 1293 Esquilias
1106 1240 1193 1284 hac
1226 1248 1363 1284 nocte
1394 1239 1562 1293 fugarit
1592 1255 1790 1294 aquosas

503 1334 651 1380 Hunc
703 1349 895 1379 versum
948 1334 1074 1387 apud
1133 1334 1446 1379 Passeratium
1494 1335 1556 1379 ita
1602 1335 1884 1388 explicatum
1930 1335 2222 1380 invenimus:

502 1429 714 1482 „Accipe
760 1444 846 1473 cur
894 1428 1131 1491 Esquiliae
1178 1428 1306 1481 ipsae
1352 1429 1564 1482 fugerint,
1609 1429 1800 1474 sedibus
1843 1429 1938 1475 suis
1969 1431 2224 1476 convulsae

503 1533 641 1569 nocte
684 1523 945 1576 praeterita,
987 1538 1072 1568 cur
1109 1538 1251 1568 nemo
1283 1524 1559 1568 remanserit
1592 1524 1855 1577 Esquiliis”.
1888 1523 2119 1570 Contorta
2148 1540 2225 1570 ex-

503 1618 703 1672 plicatio,
747 1626 798 1662 ut
840 1617 995 1671 quivis
1042 1617 1156 1661 mihi
1200 1618 1491 1670 assentietur,
1523 1627 1570 1663 et
1601 1618 1767 1663 melius
1799 1634 1911 1663 sane
1943 1619 2225 1664 Rothsteinii

503 1713 788 1759 vocabulum
819 1713 883 1757 fu
900 1721 928 1766 g
944 1727 1010 1756 ar
1026 1712 1073 1756 it
1104 1712 1328 1765 defendit,
1359 1713 1493 1758 cuius
1524 1713 1883 1765 explicationem
1900 1714 2093 1758 fortasse
2114 1713 2225 1759 boni

505 1809 751 1854 consulere
800 1822 1075 1861 possumus:
1122 1816 1324 1852 attamen
1372 1807 1683 1861 dignissimae,
1723 1823 1845 1861 quae
1876 1808 2229 1861 perpendantur

505 1912 613 1949 sunt
643 1903 941 1948 coniecturae
973 1902 1162 1947 Heinsii
1208 1902 1492 1955 agitarit
1535 1911 1582 1947 et
1614 1902 1883 1947 Housmani
1914 1900 2059 1960 (JPh.
2089 1902 2228 1955 XVI,

510 2015 554 2052 p.
590 1996 672 2056 15)
712 2006 899 2044 nocte
940 1998 1052 2042 hac
1093 1997 1367 2042 furiarit.

507 2118 690 2162 Versus
736 2115 804 2161 19.
849 2115 907 2161 20
953 2125 1057 2169 post
1087 2131 1279 2161 versum
1312 2115 1340 2160 2
1371 2116 1653 2169 transposuit
1685 2116 2055 2168 Luetiohannus,
2086 2131 2228 2170 quem

507 2214 555 2258 in
602 2212 712 2257 edit.
763 2211 876 2257 1894
917 2221 1104 2257 secutus
1136 2220 1206 2256 est
1237 2211 1510 2265 Postgatius.
1543 2211 1659 2256 Non
1691 2219 1847 2256 tamen
1878 2219 2020 2263 recte,
2052 2219 2103 2255 ut
2133 2225 2231 2255 cer-

509 2307 696 2352 tissimis
727 2306 1010 2360 argumentis
1042 2307 1181 2351 docet
1210 2306 1285 2350 vir
1316 2307 1481 2351 doctus
1514 2305 1627 2351 Otto
1658 2304 1869 2363 (BphW,
1905 2305 2018 2351 1885
2042 2320 2086 2358 p.
2104 2302 2231 2362 483).

438 2520 448 2531 .
510 2486 587 2530 hic
618 2485 699 2529 ubi
731 2494 823 2529 tam
856 2499 988 2529 rarae
1019 2499 1114 2528 non
1146 2483 1268 2537 perit
1297 2484 1413 2528 hora
1443 2498 1603 2527 morae

518 2580 663 2625 Varia
721 2579 968 2624 coniecere
1026 2578 1116 2624 viri
1173 2578 1328 2622 docti:
1385 2578 1485 2622 hic
1530 2577 1647 2622 tibi
1695 2586 2016 2623 tartareae
2061 2575 2233 2635 (Itali),

511 2675 862 2721 Taenariae
901 2698 958 2705 —
996 2688 1102 2718 ora
1146 2670 1443 2731 (Heinsius),
1487 2681 1604 2717 tam
1649 2681 1860 2726 gratae
1906 2687 2026 2717 non
2071 2672 2234 2726 perit

515 2785 612 2824 eqs.
656 2767 951 2827 (Housman,
994 2768 1112 2813 JPh.
1156 2768 1293 2820 XVI,
1335 2782 1379 2820 p.
1426 2765 1520 2825 15),
1553 2767 1636 2812 sed
1668 2776 1796 2811 recte
1827 2767 2058 2820 vulgatam
2096 2766 2235 2811 inter·

513 2874 722 2920 pretatur
766 2865 936 2916 Paley:
979 2865 1137 2917 „here,
1179 2863 1341 2907 where
1379 2863 1458 2907 the
1490 2877 1656 2907 season
1688 2862 1743 2906 of
1768 2877 1827 2906 an
1859 2869 2153 2907 amusement
2182 2875 2235 2905 so

515 2961 670 3014 rarely
700 2969 749 3005 to
780 2960 841 3004 be
872 2958 1075 3012 enioyed
1107 2955 1314 3015 (annuaz
1353 2972 1422 3002 vs.
1455 2955 1508 3015 8)
1539 2957 1578 3001 is
1610 2965 1692 3001 not
1722 2958 1908 3001 thrown
1940 2956 2116 3009 away”.

575 3154 670 3192 qua
699 3145 912 3191 penetrat
942 3134 1115 3194 (virgo,
1147 3136 1237 3180 tale
1268 3135 1357 3179 iter
1387 3149 1529 3180 omne
1557 3131 1727 3192 cavel)

518 3235 662 3280 ieiuni
694 3232 923 3286 serpentis
954 3234 1105 3277 honos

519 3329 622 3374 Leo
652 3326 907 3386 (RhMPh.
943 3325 1079 3382 1880)
1110 3340 1253 3378 quem
1277 3324 1487 3378 sequitur
1510 3323 1830 3368 Rothsteinius
1851 3321 2135 3375 interpungit
2149 3320 2236 3366 ita:

670 3437 764 3476 qua
794 3429 1007 3474 penetrat
1036 3420 1167 3472 virgo
1197 3416 1314 3476 (tale
1344 3418 1433 3463 iter
1462 3433 1604 3463 omne
1625 3415 1796 3476 cavel)
