2566 3886
1148 261 1387 310 „50-

472 397 738 443 flumina
780 404 985 450 ponto.
1029 395 1330 441 Vocabulum
1371 396 1563 441 multa
1592 395 1693 441 fere
1724 410 1888 441 omnes
1919 405 2191 450 corruptum

473 493 740 537 habuerunt
783 500 829 537 et
872 491 989 536 alius
1026 491 1151 535 aliud
1190 490 1457 544 proposuit;
1493 490 1815 535 Rothsteinius
1852 491 1977 536 solus
2014 500 2193 537 textum

472 588 693 633 traditum
750 587 1006 632 defendere
1058 595 1252 631 conatus
1305 594 1374 631 est
1425 586 1491 630 sic
1543 586 1944 640 interpungendo:
1992 602 2039 631 m
2056 602 2088 632 u
2104 587 2153 631 lt
2169 602 2196 632 a

473 683 689 736 prius:
749 690 941 727 vasto
999 681 1320 726 labentur
1376 682 1660 727 flumina
1711 690 1916 735 ponto
1970 690 2057 727 etc.
2102 680 2195 727 Sed

474 778 725 823 ridiculum
775 787 844 822 est
903 778 1108 822 multa
1168 777 1355 830 prius
1417 777 1590 822 fient
1635 777 1807 830 dicere,
1869 777 2042 822 deinde
2102 777 2199 822 duo

473 882 653 919 tantum
685 873 903 926 exempla
933 873 1059 917 dare.
1089 871 1218 917 Nam
1255 872 1384 917 Diris
1412 872 1453 924 4,
1481 888 1577 925 quo
1602 888 1744 918 versu
1773 872 1977 918 stabilire
2003 881 2199 918 conatur

474 969 746 1022 opinionem
769 984 901 1014 suam
924 967 1258 1020 Rothsteinius,
1278 967 1522 1020 complura
1541 968 1757 1020 exempla
1776 976 2021 1013 enumerat
2042 976 2200 1020 poeta:

478 1064 608 1109 Ante
641 1065 777 1117 lupos
808 1064 990 1117 rapient
1021 1063 1175 1115 haedi,
1207 1062 1341 1107 vituli
1379 1071 1487 1107 ante
1518 1063 1692 1115 leones,

479 1159 689 1212 delphini
727 1159 902 1212 fugient
933 1158 1098 1211 pisces,
1130 1157 1313 1210 aquilae
1344 1166 1451 1202 ante
1482 1157 1739 1209 columbas,

476 1263 522 1299 et
553 1269 782 1299 conversa
821 1263 947 1299 retro
987 1269 1147 1299 rerum
1191 1254 1425 1299 discordia
1470 1254 1655 1307 gliscet:

477 1351 623 1395 multa
653 1350 782 1402 prius
814 1349 940 1401 fient,
972 1364 1113 1402 quam
1147 1357 1233 1394 etc.

479 1445 669 1490 Deinde
700 1444 957 1489 admodum
989 1444 1108 1489 dura
1139 1452 1209 1489 est
1239 1443 1429 1489 omissio
1460 1443 1595 1489 verbi
1625 1443 1651 1488 f
1661 1443 1814 1489 ient.

478 1541 552 1585 Ex
588 1540 869 1585 coniecturis
905 1540 1154 1592 propositis
1185 1541 1326 1594 vulgo
1356 1540 1646 1592 recipiuntur
1677 1548 1755 1584 aut
1803 1538 1984 1584 Mureti
2030 1554 2078 1584 m
2094 1554 2126 1585 u
2142 1547 2160 1584 t
2176 1554 2204 1584 a

476 1651 564 1689 pro
611 1651 658 1680 m
675 1636 772 1680 ult
789 1650 816 1680 a
862 1635 1055 1688 legentis
1086 1643 1164 1679 aut
1196 1634 1441 1680 Passeratii
1488 1651 1519 1679 n
1536 1650 1568 1679 u
1584 1635 1599 1679 l
1617 1635 1632 1679 l
1648 1650 1676 1679 a
1720 1634 2008 1680 conicientis.

479 1730 570 1776 Sed
603 1731 861 1784 prudenter
891 1730 1110 1775 observat
1142 1730 1379 1784 Rossberg
1410 1727 1645 1788 (Lucubr.
1663 1729 1804 1783 Prop.
1821 1745 1866 1783 p.
1887 1728 1991 1788 10):
2024 1730 2203 1783 „Recte

478 1827 660 1871 monuit
700 1825 1026 1879 Hertzbergus
1065 1825 1245 1870 Mureti
1282 1825 1476 1870 invento
1510 1841 1606 1870 non
1654 1826 1761 1870 satis
1814 1825 2060 1878 ἀδύνατον,
2107 1840 2203 1878 quo

478 1922 555 1966 hic
579 1937 697 1975 opus
721 1930 856 1973 esset,
881 1920 1126 1974 significari
1149 1935 1299 1973 eaque
1321 1921 1381 1965 de
1401 1935 1541 1966 causa
1560 1920 1806 1966 Passeratii
1825 1920 2203 1966 emendationem

480 2033 511 2061 n
528 2018 623 2062 ull
641 2032 668 2061 a
713 2025 949 2069 praestare
991 2025 1038 2061 et
1077 2016 1125 2060 in
1163 2025 1342 2061 textum
1380 2015 1699 2068 recipiendam
1738 2030 1840 2061 esse
1894 2024 2067 2061 censet.
2106 2015 2205 2062 No-

480 2112 551 2156 bis
574 2126 683 2156 cum
706 2126 863 2164 neque
900 2111 1071 2156 horum
1110 2125 1266 2163 neque
1304 2111 1490 2156 illorum
1528 2111 1799 2156 coniectura
1828 2111 2087 2164 satisfaciat,
2117 2111 2206 2156 alia

481 2206 818 2260 interpretandi
861 2206 978 2250 ratio
1021 2207 1292 2258 quaerenda
1334 2206 1536 2252 videtur.
1581 2206 1842 2259 Diligenter
1879 2206 2005 2251 enim
2045 2215 2205 2253 contu·

482 2302 668 2347 entibus
705 2301 841 2346 nobis
879 2315 1070 2346 versum
1097 2300 1155 2346 30
1180 2301 1262 2354 qui
1288 2301 1348 2346 de
1373 2301 1484 2346 anni
1509 2300 1800 2353 temporibus
1824 2310 1951 2346 retro
1976 2301 2206 2347 ducendis

482 2398 573 2451 agit
625 2412 780 2450 neque
833 2405 1071 2441 mutorum
1125 2411 1281 2450 neque
1348 2397 1586 2441 nullorum
1632 2395 1879 2441 fluminum
1927 2396 1975 2441 in
2021 2404 2205 2442 vastum

482 2501 678 2545 pontum
711 2492 926 2537 defluxus
958 2491 1065 2535 satis
1097 2490 1161 2535 illi
1193 2490 1352 2536 versui
1384 2490 1572 2535 videtur
1602 2491 1904 2543 respondere.

484 2587 809 2639 Quamobrem
863 2586 1081 2631 codicum
1134 2586 1410 2638 scripturam
1461 2585 1686 2639 integram
1733 2585 1991 2630 iudicantes
2037 2600 2206 2631 vocem

484 2698 531 2727 m
549 2699 580 2728 u
597 2683 689 2727 lta
736 2697 831 2726 non
876 2681 1153 2726 mutandum
1197 2694 1299 2725 esse
1341 2688 1571 2732 putamus.
1613 2679 1777 2725 Verba
1817 2689 1972 2725 autem
2019 2690 2208 2726 vasto

483 2786 687 2832 ponto
749 2792 844 2822 non
906 2776 1139 2821 dativo
1200 2789 1369 2827 casu,
1428 2775 1510 2820 sed
1570 2774 1873 2820 ablativo
1931 2775 2207 2827 explicanda

483 2873 633 2918 sunt''.
653 2873 729 2917 De
744 2887 927 2917 summa
951 2887 1003 2916 re
1026 2870 1252 2916 assentior
1279 2869 1562 2924 Rossbergio
1587 2870 1653 2915 sic
1679 2869 1914 2922 scribenti,
1940 2870 2023 2915 sed
2049 2878 2206 2916 tamen

486 2968 671 3013 medela
701 2976 839 3021 egere
870 2967 1001 3012 locus
1033 2966 1147 3011 mihi
1179 2965 1379 3011 videtur.
1414 2965 1557 3017 Quod
1604 2973 1797 3010 vasto
1842 2974 2034 3018 ponto
2064 2973 2111 3010 et
2141 2965 2207 3010 in

485 3072 743 3108 vastum
801 3069 1072 3115 pontum
1133 3069 1179 3106 et
1236 3075 1313 3105 ex
1369 3069 1560 3106 vasto
1618 3068 1822 3113 ponto
1870 3060 1990 3105 verti
2042 3068 2207 3112 potest,

486 3173 563 3202 me
606 3157 810 3209 adducit,
855 3165 905 3201 ut
947 3171 1034 3209 pro
1077 3171 1109 3200 v
1125 3171 1152 3200 a
1168 3164 1268 3200 sto
1315 3170 1410 3209 quo
1466 3155 1672 3208 epitheto
1731 3169 1916 3200 carrere
1958 3169 2207 3207 possumus

486 3267 595 3297 cum
641 3252 914 3297 Burmanno
959 3266 983 3295 r
999 3266 1026 3295 e
1042 3259 1060 3295 t
1076 3265 1100 3294 r
1116 3265 1145 3294 o
1191 3250 1446 3303 coniciam;
1490 3251 1573 3296 sed
1617 3265 1678 3295 ne
1719 3250 1785 3295 sic
1826 3249 2019 3303 quidem
2056 3249 2208 3302 placet

487 3363 533 3391 m
552 3363 583 3392 u
600 3348 649 3391 lt
664 3362 705 3399 a,
752 3347 880 3401 quod
923 3355 1205 3400 magnopere
1247 3347 1467 3400 languere
1510 3360 1652 3390 nemo
1689 3360 1784 3389 non
1823 3344 1985 3397 sentit;
2023 3351 2208 3396 praesto

486 3451 641 3488 tamen
689 3451 758 3487 est
803 3441 1015 3487 eiusdem
1062 3440 1321 3487 Burmanni
1367 3440 1633 3486 emendatio
1679 3454 1766 3493 pro
1811 3454 1859 3484 m
1876 3454 1907 3484 u
1924 3440 1974 3483 lt
1989 3453 2017 3483 a
2062 3453 2092 3483 a
2108 3437 2125 3482 1
2142 3445 2163 3482 t
2178 3452 2208 3482 a
