2566 3886
316 1063 386 1108 37.

315 1541 386 1586 37.

314 1730 385 1776 39.

318 3148 388 3193 37.

1101 261 1367 307 -355—

448 394 554 439 Hac
586 394 854 439 coniectura
883 402 1118 447 assumpta
1149 407 1244 437 non
1275 392 1367 437 iam
1399 391 1764 444 confugiendum
1796 398 1867 435 est
1899 390 1957 434 ad
1980 398 2161 434 contor-

449 498 541 533 tam
573 489 955 542 explicationem:
988 488 1097 541 „sic,
1129 497 1179 532 ut
1210 502 1336 532 nunc
1368 487 1539 531 factum
1571 495 1654 537 est,
1686 493 1836 529 morte
1857 484 2161 536 discessura”,

448 599 588 637 quam
606 584 796 628 Bootius
812 583 988 628 evitare
1004 583 1152 628 voluit
1167 598 1275 627 cum
1295 581 1572 627 Huschkio:
1604 596 1635 624 n
1653 595 1681 625 o
1699 596 1730 624 n
1768 580 1799 624 d
1817 579 1831 623 i
1848 594 1869 624 s
1886 594 1912 623 c
1929 594 1956 623 e
1972 594 1993 623 s
2010 593 2031 623 s
2048 594 2079 623 u
2096 594 2120 623 r
2136 593 2163 623 a

449 679 660 732 legendo.

449 773 552 818 Cur
567 789 662 818 non
694 775 726 817 h
743 773 847 818 uic
890 789 921 817 u
939 773 1000 817 ni
1032 772 1280 825 legendum
1304 771 1374 823 sit,
1403 772 1541 816 docet
1558 770 1848 815 Huebnerus
1864 766 2162 826 (Comment.

449 869 674 913 Momms.
707 884 751 921 p.
783 866 883 925 99.)

450 1063 560 1108 Hoc
591 1079 732 1108 versu
764 1062 1081 1107 Philllmorius
1112 1075 1271 1106 errore
1301 1060 1496 1104 fortasse
1524 1059 1692 1104 ductus
1713 1059 1934 1103 Italorum
1952 1058 2163 1103 inutilem

448 1157 764 1202 coniecturam
796 1172 828 1201 v
844 1173 871 1201 e
887 1172 911 1201 r
927 1172 953 1201 e
971 1172 1002 1201 n
1017 1157 1047 1200 d
1065 1171 1094 1201 o
1111 1171 1132 1200 s
1162 1170 1249 1209 pro
1277 1154 1452 1207 optima
1482 1153 1699 1198 codicum
1732 1153 1932 1198 lectione
1964 1169 1990 1198 c
2004 1169 2033 1198 o
2046 1154 2061 1197 l
2074 1168 2100 1197 e
2115 1169 2163 1198 n-

448 1253 521 1296 do
535 1267 556 1297 s
588 1252 636 1296 in
667 1259 795 1296 textu
828 1251 994 1303 posuit,
1027 1265 1182 1302 neque
1205 1249 1253 1293 in
1276 1256 1500 1301 apparatu
1514 1247 1675 1292 critico
1697 1248 1936 1292 annotavit
1967 1263 2164 1292 veren-

449 1347 547 1391 dos
578 1346 625 1390 in
659 1345 703 1390 O
736 1345 838 1399 legi.

446 1550 590 1586 testor
621 1541 850 1585 maiorum
881 1540 1064 1584 cineres
1095 1539 1192 1590 tibi,
1226 1539 1391 1591 Roma,
1423 1539 1659 1591 colendos,

492 1636 579 1681 sub
610 1651 811 1688 quorum
843 1635 999 1687 titulis,
1030 1634 1208 1685 Africa,
1240 1642 1375 1678 tunsa
1405 1633 1542 1685 iaces,

449 1739 495 1775 et
525 1730 702 1775 Persen
734 1730 897 1782 proavi
929 1730 1243 1774 stimulantem
1275 1736 1438 1780 pectus
1469 1728 1659 1780 Achilli,

491 1826 667 1879 quique
698 1833 798 1869 tuas
829 1839 1006 1878 proavo
1037 1824 1172 1877 fregit
1202 1823 1387 1868 Achille
1418 1824 1585 1868 domos

451 1920 598 1965 Hunc
642 1921 798 1965 locum
845 1919 966 1964 inter
1007 1918 1300 1963 difficillimos
1346 1917 1498 1962 habeo
1535 1917 1583 1961 in
1616 1917 1847 1970 Propertii
1878 1916 2163 1962 carminibus

449 2015 629 2067 obvios,
661 2030 769 2059 nam
801 2014 1005 2066 primum
1037 2028 1194 2058 errare
1226 2028 1307 2057 eos
1339 2012 1452 2056 mihi
1484 2020 1676 2064 constat,
1708 2012 1789 2065 qui
1820 2021 1998 2057 textum
2027 2012 2163 2057 tradi-

449 2119 548 2156 tum
594 2110 902 2155 defendentes
947 2109 1146 2154 credunt
1192 2107 1464 2153 Corneliam
1511 2123 1652 2153 versu
1684 2107 1742 2153 39
1788 2107 1965 2153 Persen
1997 2116 2161 2152 testem

449 2205 696 2259 appellare,
748 2204 876 2257 quod
923 2218 1164 2256 nunquam
1211 2203 1476 2255 peccaverit
1518 2211 1680 2248 contra
1726 2203 1875 2256 legem
1921 2218 2162 2255 censurae,

450 2314 605 2353 neque
651 2298 776 2343 enim
824 2299 915 2343 huc
962 2298 1158 2351 quadrat
1204 2298 1421 2351 Postgatii
1454 2297 1734 2350 observatio,
1766 2313 1908 2351 quam
1940 2297 2162 2351 legimus:

449 2393 600 2439 Select
634 2393 704 2437 El.
736 2409 780 2446 p.
813 2392 925 2438 236:
959 2393 1021 2445 „it
1052 2393 1090 2437 is
1121 2393 1249 2445 quite
1281 2392 1329 2437 in
1361 2393 1562 2446 keeping
1592 2393 1706 2437 with
1732 2392 2163 2445 Propertius'man-

450 2504 536 2533 ner
577 2497 625 2532 to
670 2489 833 2540 appeal
876 2496 923 2532 to
966 2488 1045 2532 the
1090 2488 1361 2540 conquered
1407 2503 1457 2532 as
1499 2487 1741 2532 witnesses
1772 2495 1819 2532 to
1850 2488 1930 2532 the
1961 2502 2163 2540 conque-

448 2584 565 2628 ror's
596 2583 770 2636 glory”.
802 2583 1059 2636 Aliquanto
1090 2583 1367 2635 prudentius
1399 2591 1551 2635 agunt,
1582 2582 1664 2634 qui
1695 2582 1926 2634 recipiunt
1958 2581 2162 2627 Santenii

451 2679 766 2722 coniecturam
811 2686 872 2722 te
918 2677 1190 2729 Persem
1222 2677 1304 2721 sed
1337 2692 1397 2721 ne
1428 2677 1494 2721 sic
1525 2677 1717 2729 quidem
1750 2677 1879 2721 locus
1910 2691 2049 2721 sanus
2079 2685 2161 2728 est,

451 2787 559 2816 nam
605 2781 704 2816 tum
751 2772 978 2816 habemus
1023 2772 1417 2816 constructionem
1465 2772 1852 2816 contortissimam
1890 2780 2029 2824 atque
2060 2772 2162 2816 obs-

451 2866 770 2910 curissimam:
803 2874 975 2918 „testor
1005 2881 1114 2909 eum
1146 2866 1226 2918 qui
1258 2875 1304 2911 et
1334 2875 1379 2910 te
1410 2867 1603 2918 Perseu,
1623 2875 1668 2911 et
1684 2867 1850 2911 domos
1866 2875 1967 2911 tuas
1983 2867 2160 2919 fregit”.

453 2959 610 3004 Aliam
642 2960 766 3004 viam
798 2960 1030 3013 ingressus
1061 2968 1130 3004 est
1161 2960 1234 3004 vir
1265 2961 1429 3004 doctus
1462 2961 1642 3005 Munro
1672 2958 1816 3018 (JPh.
1845 2960 1932 3012 VI,
1959 2957 2161 3017 53—62)

450 3054 530 3106 qui
563 3054 793 3098 distichon
826 3054 1115 3099 intercidisse
1146 3063 1314 3106 putans
1342 3064 1491 3100 totum
1522 3056 1678 3100 locum
1711 3055 1776 3099 sic
1807 3055 2070 3099 constituit:

450 3148 619 3193 Testor
650 3149 880 3193 maiorum
912 3149 1093 3194 cineres
1125 3149 1222 3200 tibi,
1256 3150 1421 3201 Roma,
1454 3150 1689 3194 verendos

510 3243 598 3287 sub
628 3258 830 3295 quorum
863 3243 1019 3295 titulis,
1051 3243 1226 3296 Africa,
1259 3252 1395 3288 tonsa
1426 3245 1548 3289 iaces

451 3335 523 3394 (et
554 3337 634 3390 qui
665 3338 980 3382 contuderunt
1010 3338 1189 3382 animos
1220 3338 1441 3391 pugnacis
1474 3338 1646 3383 Hiberi

511 3431 924 3485 Hannibalemque
955 3433 1095 3477 armis
1126 3433 1514 3486 Antiochumque
1546 3431 1668 3491 suis)
