2566 3886
318 390 390 435 21.

316 1430 388 1476 23.

322 2376 394 2423 29.

1107 261 1370 306 —321—

452 390 499 436 Si
530 400 576 436 te
609 391 709 436 an
741 392 1066 436 Dorozantum
1098 392 1226 436 iuvat
1257 406 1398 436 aurea
1428 391 1530 444 ripa

451 485 497 530 D
515 501 763 530 orozan
781 495 845 531 tu
863 501 910 531 m
954 487 1080 531 haud
1122 486 1267 531 dubie
1307 494 1605 538 corruptum;
1637 486 1766 530 varia
1797 486 2043 531 coniecere
2073 485 2164 530 viri

450 581 574 625 docti
621 578 706 638 (cf.
739 581 951 626 Bursian.
1000 580 1128 633 1888,
1175 581 1344 626 zweite
1390 581 1503 625 Abt.
1551 596 1596 633 p.
1641 580 1739 632 142,
1786 580 1868 625 ubi
1912 581 2164 633 pleraeque

450 675 746 720 coniecturae
777 684 1136 727 enumerantur;
1168 676 1366 719 addatur
1397 675 1482 727 his,
1515 676 1643 728 quod
1661 675 1969 719 Housmanus
1986 674 2164 727 excogi-

450 769 563 813 tavit
593 767 736 827 (JPh.
768 769 904 821 XXI,
937 784 980 821 p.
1015 767 1149 826 124):
1194 769 1246 813 si
1279 778 1338 813 te
1371 769 1502 813 an
1542 777 1936 822 topazorum
1976 769 2164 813 iuvat

453 878 480 908 a
496 878 527 908 u
543 879 567 908 r
583 879 610 909 e
627 879 654 909 a
684 880 708 908 r
724 865 738 908 i
755 880 786 917 p
802 880 829 908 a
846 879 857 916 ;
887 864 1000 909 mihi
1015 864 1116 908 veri
1131 863 1364 908 simillima
1377 863 1565 908 videtur
1577 863 1725 908 Ellisii
1739 860 1882 921 (JPh.
1895 863 1993 908 XV
2001 879 2045 916 p.
2063 860 2162 921 19):

450 958 488 1002 si
518 967 564 1003 te
597 958 698 1003 an
728 958 1129 1003 Darisanum
1162 958 1290 1002 iuvat
1321 973 1463 1002 aurea
1494 958 1647 1009 rica,

450 1052 530 1105 qui
562 1052 662 1105 ipse
692 1054 871 1098 confert
902 1052 1189 1106 Stephanum
1222 1052 1417 1105 Byzant.
1440 1067 1474 1096 s.
1493 1067 1538 1096 v.
1560 1051 1808 1109 Δαρσανία.
1829 1052 1965 1103 πόλις
1975 1051 2163 1109 Ἰνδική,

449 1149 501 1190 ἐν
544 1143 576 1203 ᾗ
621 1146 897 1205 αὐθημερὸν
948 1149 1128 1203 ἱμάτιον
1180 1148 1476 1204 ἱστουργοῦσι
1523 1151 1752 1204 γυναῖκες,
1805 1149 1870 1198 ὡς
1918 1146 2166 1198 Διονύσιος

447 1241 761 1300 Βασσαρικῶν
789 1245 926 1300 τρίτῃ.

453 1431 776 1485 Eurypylique
806 1432 957 1485 placet
989 1431 1121 1477 Coae
1152 1440 1334 1476 textura
1366 1431 1617 1476 Minervae

452 1527 785 1580 Eurypyli
831 1542 987 1580 neque
1033 1541 1092 1571 ex
1139 1526 1363 1570 Minerva
1380 1523 1420 1583 l)
1467 1541 1622 1580 neque
1669 1542 1728 1571 ex
1759 1527 1951 1571 nomine
1983 1527 2163 1572 insulae

449 1621 577 1674 quod
623 1621 672 1666 in
718 1622 950 1666 adiectivo
997 1621 1128 1667 Coae
1174 1622 1283 1665 latet
1299 1619 1340 1678 2)
1387 1622 1597 1674 pendere
1643 1630 1807 1673 potest,
1849 1637 2005 1675 neque
2036 1631 2162 1666 recte

452 1715 652 1768 Paleyus
677 1717 908 1770 vulgatam
941 1725 1097 1761 tuetur
1127 1716 1382 1760 vertendo:
1417 1716 1731 1769 „Eurypylus’
1762 1724 1945 1761 texture
1962 1716 2009 1761 of
2025 1715 2161 1761 Coan

450 1810 563 1862 art”,
595 1811 722 1864 quod
754 1810 1030 1864 significaret
1060 1819 1240 1855 vestem
1273 1810 1398 1855 illam
1432 1810 1662 1863 Eurypyli
1694 1826 1810 1856 esse.

453 1905 580 1951 Cum
604 1906 806 1951 Heinsio
837 1906 1166 1960 corrigendum
1198 1915 1268 1951 est
1301 1906 1341 1950 E
1357 1922 1388 1951 u
1405 1922 1428 1950 r
1444 1921 1475 1958 y
1490 1921 1521 1959 p
1541 1921 1572 1958 y
1590 1906 1604 1950 1
1622 1906 1636 1950 i
1654 1921 1675 1950 s
1692 1920 1723 1958 q
1740 1922 1770 1950 u
1788 1920 1838 1958 e;
1856 1906 1983 1959 quod
2001 1914 2163 1950 contra

452 2001 572 2046 hanc
589 2002 965 2046 emendationem
983 2002 1115 2046 affert
1132 2001 1473 2054 Hertzbergius
1490 2001 1622 2054 „quis
1639 2016 1846 2054 unquam
1866 2000 2161 2054 Eurypylum

452 2104 609 2148 regem
659 2111 803 2148 pensa
839 2096 1003 2141 fecisse
1034 2096 1273 2141 exaudivit
1286 2094 1341 2139 ?’‘
1373 2096 1432 2140 ad
1464 2095 1579 2140 nihil
1611 2095 1756 2140 redit:
1791 2095 2162 2147 Eurypylis

451 2190 578 2235 enim
612 2203 656 2226 =
692 2189 809 2236 Coa.

455 2387 502 2423 et
532 2379 751 2424 simulare
781 2379 936 2425 virum
968 2379 1169 2433 pretium
1201 2379 1332 2424 lacit:
1364 2387 1496 2424 utere
1527 2378 1700 2423 causis!

453 2473 600 2518 Recte
633 2473 964 2519 Lachmannus
995 2474 1265 2519 observavit
1301 2474 1417 2518 sim
1435 2474 1620 2518 ulare
1668 2473 1817 2518 viru
1835 2489 1882 2517 m
1914 2473 2033 2518 verti
2066 2488 2160 2517 non

449 2584 612 2622 posse:
655 2569 978 2614 simulare
1020 2569 1233 2614 virum
1277 2578 1634 2614 venturum
1678 2569 1946 2613 conferens:

452 2663 545 2709 Ov.
579 2663 697 2708 Met.
728 2663 802 2708 XI
834 2663 943 2708 310:
977 2664 1198 2708 Phoebus
1229 2679 1371 2708 anum
1403 2663 1600 2708 simulat.

453 2757 560 2811 Ipse
622 2759 920 2803 commendat
981 2758 1170 2802 Heinsii
1231 2758 1548 2802 coniecturam
1612 2758 1729 2802 sim
1747 2773 1778 2802 u
1795 2759 1809 2802 l
1826 2773 1893 2802 ar
1910 2773 1937 2802 e
1983 2758 2081 2802 ira
2098 2773 2159 2802 m.

453 2851 698 2896 Vahlenus
729 2867 756 2896 e
772 2861 790 2896 t
820 2867 842 2896 s
858 2852 904 2896 ti
922 2867 969 2896 m
986 2853 1048 2896 ul
1066 2867 1093 2896 a
1107 2867 1132 2896 r
1148 2867 1174 2896 e
1206 2851 1220 2896 i
1238 2867 1263 2896 r
1278 2867 1305 2896 a
1321 2867 1368 2896 m
1393 2851 1583 2904 recepit.
1602 2851 1702 2905 Ego
1719 2862 1911 2905 propter
1926 2861 2160 2904 pentame-

451 2954 573 2990 trum
617 2946 833 2990 dilata
864 2978 979 2990 ........
1011 2961 1042 2990 n
1060 2954 1208 2990 octe
1240 2954 1286 2990 et
1316 2960 1507 2990 versum
1551 2945 1608 2990 33
1640 2961 1748 2990 cum
1796 2946 2083 2990 Baehrensio
2114 2955 2159 2990 et

452 3039 750 3085 Hartmanno
783 3039 1095 3084 Luetiohanni
1126 3039 1398 3084 inventum:

569 3142 614 3178 et
646 3133 863 3178 simulare
895 3148 1073 3178 moram
1105 3133 1306 3186 pretium
1337 3133 1459 3184 facit,

451 3241 618 3272 verum
649 3226 815 3272 habeo.

365 3378 395 3425 ι)
446 3382 647 3424 Incobsius,
672 3382 802 3417 Floril,
827 3394 860 3422 p.
884 3382 965 3416 237.

363 3438 392 3484 ¹)
442 3441 723 3483 Hertzbergius.

1967 3509 2013 3546 21
