2566 3886
1132 290 1190 296 —
1225 265 1399 311 134—

1067 466 1323 513 ELEGIA
1353 466 1465 512 XX.

368 596 408 641 7.
472 596 580 642 Nec
611 605 790 642 tantum
824 596 985 642 Niobe
1016 597 1087 642 bis
1118 611 1201 642 sex
1231 597 1290 642 ad
1323 596 1458 642 busta
1488 597 1692 650 superbe

622 692 818 737 sollicito
849 692 1063 737 lacrimas
1094 691 1257 737 defluit
1286 707 1314 736 a
1344 691 1505 744 Sipylo

472 786 547 831 De
584 788 675 832 hoc
706 787 919 840 disticho,
952 788 1081 840 quod
1113 796 1199 841 ego
1230 786 1469 839 exscripsi,
1501 795 1552 832 ut
1581 787 1748 841 legitur
1779 787 1826 832 in
1859 786 2189 841 Neapolitano,

472 882 676 927 editores
707 882 830 927 inter
860 897 911 927 se
942 882 1178 927 differunt.
1211 882 1477 928 Muellerus
1509 891 1555 928 et
1585 883 1831 928 Vahlenus
1862 883 2046 937 legunt:

621 993 710 1023 nec
741 987 920 1023 tantum
953 978 1142 1024 Niobae
1174 978 1245 1023 bis
1277 993 1360 1023 sex
1391 978 1449 1022 ad
1481 977 1618 1023 busta
1647 977 1879 1031 superbae

741 1072 937 1118 sollicito
968 1073 1187 1119 lacrimae
1219 1074 1381 1119 defluit
1411 1089 1437 1118 a
1469 1072 1644 1127 Sipylo,

358 1204 393 1219 ,,
469 1169 597 1221 quod
641 1167 862 1221 equidem
907 1183 934 1212 a
978 1168 1224 1221 Propertio
1265 1168 1490 1222 scriptum
1532 1183 1635 1213 esse
1666 1183 1762 1213 non
1793 1168 1952 1221 credo,
1983 1167 2188 1220 primum

469 1263 579 1317 quia
638 1263 943 1309 lacrimae
1002 1264 1140 1309 nimis
1186 1273 1420 1309 remotum
1468 1273 1537 1309 est
1583 1279 1611 1308 a
1656 1263 1888 1309 vocabulo
1934 1272 2188 1316 tantum,

469 1358 642 1404 deinde
673 1359 802 1411 quod
844 1367 1083 1403 tantum
1124 1358 1426 1404 lacrimae
1467 1358 1608 1404 latine
1639 1358 1731 1403 dici
1762 1373 1900 1411 posse
1931 1373 2027 1403 non
2044 1358 2189 1403 credo

467 1450 552 1511 (ct.
585 1452 767 1498 Rothst.
800 1452 1020 1507 Anhang,
1051 1469 1096 1506 p,
1129 1450 1257 1511 348).

469 1547 568 1602 Ego
584 1548 785 1594 lectione
818 1547 960 1593 FDV
991 1548 1336 1593 lacrimans
1367 1557 1414 1593 et
1430 1548 1647 1594 Beroaldi
1664 1548 1934 1594 coniectura
1949 1548 2190 1601 superba

467 1651 704 1696 assumpta
734 1658 926 1688 versum
959 1643 1262 1688 scribendum
1294 1658 1397 1688 esse
1428 1644 1592 1688 credo:

619 1753 709 1783 nec
739 1747 919 1783 tantum
953 1737 1114 1783 Niobe
1145 1738 1217 1783 bis
1249 1753 1332 1783 sex
1363 1739 1422 1783 ad
1454 1738 1589 1784 busta
1619 1738 1824 1792 superba

738 1833 934 1879 sollicito
965 1833 1213 1879 lacrimans
1245 1834 1407 1879 defluit
1437 1849 1464 1879 a
1495 1832 1669 1887 Sipylo.

466 1929 611 1981 Quod
687 1930 746 1974 ad
824 1929 1114 1974 sollicito
1191 1929 1365 1981 attinet,
1439 1928 1562 1974 bene
1635 1929 1929 1982 interpretari
1998 1929 2188 1976 videtur

467 2023 813 2069 Rothsteinius:
861 2024 973 2076 „das
1020 2022 1297 2068 Niobe-hild
1329 2023 1473 2068 selbst
1514 2023 1571 2068 ist
1614 2024 1690 2069 ein
1731 2023 1838 2069 Teil
1869 2025 1952 2070 des
1984 2023 2187 2078 Sipylus-

465 2119 691 2173 gebirges,
734 2134 829 2164 von
874 2120 983 2164 dem
1029 2119 1115 2164 der
1157 2117 1341 2164 Schnee
1384 2119 1687 2172 herabfliesst‚
1729 2135 1781 2165 so
1812 2120 1919 2167 dass
1948 2120 2070 2165 auch
2101 2120 2187 2165 der

467 2212 654 2267 Sipylus
685 2229 744 2258 an
777 2214 886 2258 dem
920 2212 1147 2258 Schmerz
1179 2214 1266 2259 der
1296 2213 1458 2259 Niobe
1488 2214 1781 2259 teilnimmt'’.

467 2307 632 2361 Siquis
645 2317 801 2354 autem
816 2309 1086 2361 exemplum
1104 2324 1163 2353 ex
1176 2308 1276 2362 ipsa
1291 2308 1585 2361 Antiquitate
1614 2309 1862 2362 desiderat,
1893 2311 2022 2363 quod
2041 2310 2185 2357 Roth-

468 2403 661 2448 steinius
677 2418 773 2448 non
782 2404 944 2455 adfert,
953 2404 1071 2457 legat
1079 2418 1138 2447 ex
1146 2403 1431 2457 Anthologia
1439 2403 1536 2448 Pal.
1545 2404 1682 2456 XVI,
1694 2404 1777 2449 132
1786 2406 1876 2451 hoc
1884 2406 2182 2460 epigramma:

617 2498 773 2543 Στᾶθι
802 2498 957 2554 πέλας,
990 2498 1227 2556 δάκρυσον
1259 2498 1388 2553 ἰδὼν,
1419 2498 1533 2554 ξένε,
1563 2502 1709 2557 μύρια
1738 2500 1896 2558 πένθη

735 2600 814 2646 τᾶς
844 2593 1219 2653 ἀθυρογλώσσου
1254 2593 1534 2646 Τανταλίὸος
1562 2594 1755 2653 Νιόβας.

606 2688 684 2742 ’Ag
713 2692 793 2734 ἐπὶ
821 2696 906 2749 γᾶς
935 2691 1136 2749 ἔστρωσε
1167 2690 1534 2735 ὀυωὸεκάπαιδα
1563 2689 1755 2749 λοχείαν

737 2788 839 2844 ἄρτι
867 2788 924 2829 τὰ
951 2787 1037 2842 μὲν
1071 2785 1252 2843 Φοίβου
1282 2785 1406 2842 τόξα,
1436 2788 1493 2830 τὰ
1523 2784 1565 2830 δ’
1592 2784 1866 2845 Ἀρτέμιδος.

609 2879 659 2925 ‘A
690 2881 742 2926 ὅε
771 2880 897 2939 λίθῳ
907 2883 989 2925 καὶ
1019 2884 1158 2939 σαρκὶ
1186 2884 1467 2940 μεμιγμένον
1496 2880 1622 2933 εἶδος
1653 2884 1829 2940 ἔχουσα

734 2981 997 3035 πετροῢται·
1028 2980 1239 3035 στενάχει
1269 2977 1296 3021 ὃ
1348 2978 1594 3036 ὑφιπαγὴς
1622 2976 1844 3029 Σίπυλος.

467 3072 605 3118 Ratio
642 3081 798 3119 tamen
830 3072 1048 3118 habenda
1077 3081 1147 3118 est
1177 3072 1531 3126 observationis,
1563 3088 1704 3126 quam
1734 3073 1844 3118 facit
1876 3073 2183 3120 Housmanus

465 3166 610 3227 (JPh.
653 3167 791 3219 XXI,
837 3183 882 3220 p.
932 3164 1069 3226 153):
1117 3183 1173 3220 „a
1218 3167 1336 3213 solid
1383 3167 1513 3221 body
1554 3167 1711 3213 which
1742 3175 1936 3213 streams
1967 3183 2023 3214 or
2053 3168 2182 3222 drips

465 3263 580 3308 with
626 3278 653 3309 a
689 3263 837 3316 liquid
870 3263 984 3308 does
1016 3271 1097 3308 not
1143 3262 1437 3308 defluere
1483 3278 1512 3308 a
1559 3271 1732 3315 monte,
1779 3262 1863 3308 but
1907 3264 1976 3309 in
2022 3271 2182 3309 monte

466 3357 560 3405 Sen
592 3358 741 3404 Herc.
772 3359 860 3404 tur.
892 3357 980 3403 390
1010 3372 1079 3411 sq.

735 3452 851 3507 riget
880 3452 1083 3506 superba
1113 3451 1320 3499 Tantalis
1350 3452 1479 3499 luctu
1509 3466 1679 3508 parens
