2566 3886
1139 273 1377 320 -18-

466 405 560 451 Pro
598 406 748 451 deus
780 405 1053 451 Kraffertius
1085 403 1156 463 (p.
1191 404 1302 464 140)
1334 407 1524 451 decus
1556 406 1755 452 coniecit
1787 405 1882 465 (da
1911 408 2008 453 fur
2039 409 2177 454 eine

466 501 745 554 Cynthia
776 501 914 546 ihre
959 501 1154 546 Liebe
1196 502 1288 546 ihr
1320 500 1492 546 Stolz
1524 499 1644 559 ist),
1682 503 1811 555 quod
1843 502 2101 556 Postgatius
2132 504 2180 548 in

465 604 644 642 textum
676 596 925 649 assumpsit
957 597 1125 641 collato
1157 595 1265 641 Stat.
1299 595 1411 642 Silv.
1444 596 1531 648 ΙΙΙ,
1564 595 1605 641 5.
1638 596 1721 642 69:

583 691 762 737 Nonne
819 693 949 737 leves
1007 707 1193 745 pueros,
1255 707 1350 736 non
1407 701 1467 744 te,
1515 691 1768 745 Cytherea,
1828 693 2033 745 pudebat

593 788 683 832 hoc
714 801 898 832 cessare
929 788 1089 832 decus.

465 882 667 936 Vulgata
697 891 853 927 tamen
885 897 997 927 sana
1027 890 1097 927 est
1128 883 1390 935 meliorque
1421 898 1562 936 quam
1595 883 1733 928 lectio
1764 884 2028 937 proposita:

467 978 639 1023 decus
687 978 825 1023 nimis
872 977 1088 1032 ambigue
1134 978 1340 1031 dictum;
1374 993 1483 1023 nam
1515 979 1757 1031 quomodo
1789 978 1961 1024 scimus
1993 980 2182 1025 decus

467 1073 543 1118 hic
609 1088 704 1118 non
751 1073 1026 1125 formam,
1077 1074 1303 1118 florem
1351 1074 1595 1126 aetatis,
1643 1075 1726 1119 sed
1775 1074 2032 1127 gloriam
2079 1088 2182 1119 esse

465 1169 763 1222 vertendum,
796 1184 952 1221 neque
984 1169 1109 1214 enim
1142 1170 1267 1222 apud
1300 1168 1494 1214 Statium
1527 1170 1587 1214 l.1.
1619 1168 1823 1222 gloria
1852 1167 2111 1222 significat?

334 1322 405 1368 27.
468 1323 721 1376 praecipue
753 1324 912 1369 nostri.
952 1323 1067 1369 Non
1098 1324 1367 1376 requiritur,
1399 1325 1527 1376 quod
1559 1324 1699 1369 vertit
1732 1324 2054 1369 Rothsteinius
2085 1324 2182 1369 die

466 1419 892 1472 Moglichkeit
934 1419 1047 1463 den
1087 1419 1361 1463 Dichter
1391 1435 1463 1464 zu
1496 1419 1740 1464 lieben:
1774 1418 1982 1472 Cynthia
2012 1419 2183 1464 misera

462 1513 525 1566 fit,
558 1514 596 1559 si
628 1529 732 1559 eam
764 1523 903 1567 poeta
933 1529 1029 1558 non
1061 1514 1152 1558 iam
1185 1523 1321 1559 amat.

467 1608 666 1661 Repone
698 1609 835 1662 igitur
866 1624 974 1654 cum
1008 1609 1133 1654 Italis
1165 1618 1211 1654 et
1243 1609 1469 1655 Heinsio:
1502 1618 1739 1655 nostro.

1083 1971 1340 2018 ELEGIA
1371 1972 1433 2017 V.

334 2126 635 2179 Quamquam
668 2126 759 2171 iam
792 2125 948 2170 multis
980 2125 1114 2170 annis
1146 2134 1254 2170 ante
1286 2123 1455 2184 (1893)
1486 2126 1703 2179 magister
1734 2141 1867 2172 meus
1902 2126 2184 2172 clarissimus

335 2220 626 2266 Hartmanus
664 2220 712 2265 in
750 2220 922 2272 libello,
961 2220 1036 2265 cui
1067 2220 1227 2265 titulus
1270 2219 1525 2274 Sylloge
1567 2222 2185 2274 commentationum,

333 2309 511 2368 quam
550 2317 670 2361 v.cl.
714 2315 920 2361 Conto
962 2316 1340 2361 obtulerunt
1381 2316 1696 2369 philologi
1736 2316 1956 2361 Batavi
1988 2314 2059 2375 (p.
2102 2315 2186 2375 23)

332 2411 610 2457 facetissime
670 2419 810 2463 atque
866 2410 1230 2464 prudentissime
1287 2410 1540 2463 disputavit
1598 2412 1659 2456 de
1715 2420 1989 2465 argumento
2045 2412 2185 2458 huius

332 2506 646 2560 lepidissimae
677 2506 865 2559 elegiae,
883 2506 972 2551 viri
1001 2506 1126 2551 docti
1152 2521 1379 2559 pecorum
1405 2505 1496 2551 ritu
1522 2515 1783 2559 sequuntur
1807 2507 2184 2553 antecedentium

332 2611 534 2656 gregem,
566 2610 813 2656 pergentes
845 2616 940 2646 non
973 2597 1069 2654 quo
1101 2601 1311 2646 eundum
1344 2609 1427 2653 est,
1460 2610 1510 2646 ut
1538 2601 1600 2646 ait
1627 2600 1818 2654 Seneca,
1846 2602 1929 2646 sed
1956 2617 2052 2655 quo
2078 2602 2184 2647 itur.

334 2697 586 2742 Hartmani
619 2697 766 2742 verba
797 2705 904 2741 sunt
935 2697 1075 2741 haec:
1104 2696 1376 2749 „exclusum
1399 2711 1450 2740 se
1471 2711 1499 2740 a
1520 2694 1728 2748 Cynthia
1748 2705 1886 2750 poeta
1907 2696 2031 2741 dicit.
2055 2697 2184 2742 Dum

334 2801 444 2846 ergo
476 2793 602 2837 solus
634 2791 762 2836 domi
795 2791 991 2843 desidet,
1023 2790 1164 2836 tristis
1197 2798 1510 2843 maestusque,
1543 2791 1747 2844 agnoscit
1773 2791 2010 2844 quendam
2036 2806 2064 2836 e
2089 2790 2185 2836 suis

333 2888 495 2933 amicis
527 2902 719 2940 operam
751 2887 865 2931 dare
892 2895 943 2931 ut
974 2901 1111 2931 suum
1144 2887 1270 2938 apud
1298 2885 1555 2938 Cynthiam
1575 2886 1732 2931 locum
1751 2894 1964 2940 occupet.
1998 2885 2057 2931 Et
2075 2901 2184 2931 cum

335 2984 499 3028 dolore
536 2982 755 3036 agnoscit,
794 2997 902 3026 nam
942 2997 1227 3034 quamquam
1265 2996 1292 3026 a
1329 2980 1537 3034 Cynthia
1574 2990 1643 3026 est
1674 2982 1905 3034 exclusus,
1936 2990 2093 3027 tamen
2124 2981 2185 3026 de

333 3077 711 3123 reconciliatione
743 3091 839 3122 non
872 3077 1112 3130 desperat:
1145 3077 1291 3122 immo
1323 3092 1434 3122 mox
1466 3092 1516 3122 se
1548 3092 1656 3122 cum
1685 3075 1893 3129 Cynthia
1918 3076 1966 3121 in
1993 3076 2184 3130 gratiam

335 3173 597 3218 rediturum
635 3172 775 3218 habet
812 3172 1233 3225 persuasissimum.
1272 3171 1387 3217 Non
1427 3181 1584 3217 tamen
1623 3171 1804 3217 acerbis
1841 3170 2098 3216 maledictis
2136 3170 2184 3216 in

335 3283 513 3314 novum
561 3267 797 3321 Cynthiae
843 3276 1099 3312 amatorem
1147 3267 1399 3319 invehitur,
1447 3268 1530 3312 sed
1575 3268 1636 3312 de
1679 3267 1811 3318 dura,
1854 3281 1976 3319 quae
2013 3266 2186 3311 misero

335 3363 514 3408 homini
552 3363 836 3415 impendeat,
875 3371 999 3407 sorte
1037 3362 1339 3414 lamentatum
1378 3361 1699 3407 misericordia
1735 3360 1857 3406 illius
1895 3360 2185 3406 commoveri

335 3473 386 3502 se
423 3458 574 3511 fingit;
613 3458 870 3502 obtestatur
906 3457 1113 3510 denique
1151 3471 1275 3509 eum,
1314 3465 1365 3501 ut
1401 3471 1543 3510 quam
1581 3455 1786 3509 primum
1833 3455 2016 3500 fatalem
2054 3454 2185 3500 illum
