2566 3886
342 565 411 610 11.

1132 281 1398 326 —259—

474 411 568 456 Pro
599 426 625 456 c
642 427 672 456 u
690 427 737 456 m
770 412 965 456 fortasse
997 420 1124 456 recte
1157 411 1415 465 Postgatius
1446 411 1505 456 ia
1522 427 1568 456 m
1601 411 1813 457 coniecit.

472 565 519 610 Si
565 566 712 611 verba
757 566 958 611 testis
1005 566 1138 611 erit
1184 565 1390 610 Dirce
1435 581 1533 619 eqs.
1566 566 1775 619 legimus,
1807 566 2187 621 quaerimusque,

471 660 715 705 cuiusnam
747 660 815 705 rei
847 660 994 705 Dirce
1025 659 1153 705 testis
1184 674 1287 705 esse
1317 661 1407 705 hoc
1439 661 1543 705 loco
1574 661 1769 713 dicatur,
1801 661 1917 706 nihil
1934 662 1983 707 in
2001 676 2187 714 praece-

473 755 692 801 dentibus
736 756 951 801 invenire
998 770 1259 808 possumus,
1309 770 1515 809 quocum
1564 757 1680 801 haec
1719 757 1867 802 verba
1902 757 2188 810 coniungere

472 865 713 904 queamus.
761 851 905 903 Quod
951 859 1107 896 autem
1145 851 1270 904 apud
1304 850 1651 896 Rothsteinium
1684 851 1909 904 legimus:
1947 851 2100 896 Dirke
2130 851 2188 896 ist

471 945 600 990 nicht
631 945 812 999 zeugin
843 946 922 991 fiir
951 947 1048 998 das,
1079 960 1176 991 was
1207 946 1294 991 der
1325 945 1523 990 Dichter
1554 946 1676 990 eben
1700 954 1854 1000 gesagt
1870 947 1963 999 hat,
1980 947 2185 991 sondern

471 1040 539 1084 sie
585 1040 642 1085 ist
689 1040 790 1086 sine
834 1039 1085 1085 Warnerin
1132 1040 1210 1085 fiir
1240 1040 1318 1085 die
1349 1040 1629 1093 angeredete
1661 1039 1894 1093 Geliebte‚
1927 1041 2088 1086 indem
2120 1041 2188 1085 sie

477 1134 628 1179 durch
674 1134 749 1179 ihr
793 1134 1031 1180 Schicksal
1079 1135 1285 1188 Zeugnis
1331 1135 1466 1179 dafiir
1511 1134 1676 1188 ablegt,
1720 1135 1827 1180 dass
1865 1134 2189 1188 eifersfichtige

472 1229 804 1276 Grausamkeit
849 1231 924 1276 ein
968 1230 1236 1275 schlimmes
1281 1230 1418 1274 Ende
1450 1231 1655 1275 nehmen
1687 1231 1859 1282 kann”,
1891 1245 2188 1283 nequaquam

471 1324 586 1369 mihi
629 1325 870 1377 persuasit.
918 1325 964 1370 Si
1008 1340 1222 1378 usquam,
1266 1326 1356 1370 hoc
1399 1326 1504 1370 loco
1551 1326 1910 1379 transpositione
1950 1341 2069 1379 opus
2106 1335 2189 1371 est.

472 1419 685 1465 Fischeri
731 1428 887 1465 autem
933 1420 1203 1465 coniectura
1222 1418 1263 1478 ¹)
1309 1420 1455 1474 elegia
1492 1420 1540 1465 in
1578 1420 1809 1475 integrum
1840 1421 2120 1467 restituitur:
2153 1422 2190 1467 is

472 1515 603 1568 ponit
634 1514 691 1560 45
723 1514 794 1560 46.
826 1514 897 1559 43.
930 1515 987 1559 44
1018 1524 1125 1560 ante
1156 1530 1347 1560 versum
1379 1516 1459 1569 113
1491 1531 1612 1569 quae
1644 1516 1760 1562 Otto
1791 1514 2143 1575 (Versumstell.
2168 1517 2188 1561 1

472 1626 517 1663 p.
549 1609 633 1668 23)
663 1619 826 1656 contra
856 1611 977 1655 hanc
1009 1611 1414 1664 transpositionem
1447 1611 1592 1665 affert,
1624 1612 1757 1664 parvi
1789 1613 2016 1657 momenti
2054 1621 2190 1665 sunt;

472 1706 538 1750 sic
569 1706 695 1751 enim
727 1705 910 1750 scribit:
942 1704 1126 1758 „Schon
1159 1706 1236 1751 die
1267 1707 1547 1752 verfinderte
1578 1706 1785 1760 Stellung
1807 1708 1893 1752 der
1909 1707 2080 1752 beiden
2097 1707 2192 1753 Ge-

474 1800 662 1845 danken
695 1815 754 1845 an
786 1801 885 1846 sich
916 1801 973 1845 ist
1003 1801 1132 1846 nicht
1162 1801 1529 1854 unbedenklich,
1560 1803 1798 1847 schwerer
1828 1803 1979 1856 wiegn
2011 1803 2117 1848 dass
2139 1818 2191 1848 so

474 1896 607 1949 lange
637 1895 900 1949 iiberhaupt
927 1911 987 1941 an
1010 1897 1165 1941 einem
1183 1896 1623 1950 Zusammenhange
1638 1898 1877 1943 zwischen
1895 1898 2056 1944 diesen
2070 1899 2191 1944 zwei

473 1991 773 2044 Verspaaren
804 1992 1106 2045 festgehalten
1139 1991 1273 2043 wird,
1305 1991 1382 2036 die
1413 1993 1504 2037 alte
1536 1992 1682 2046 Folge
1713 1993 1807 2038 viel
1837 1993 2075 2039 einfacher
2094 1995 2192 2039 und

474 2086 771 2138 natiirlicher,
803 2087 880 2132 die
911 2101 1035 2131 neue
1066 2086 1293 2139 hingegen
1326 2087 1492 2131 hochst
1521 2095 1810 2142 gezwungen
1843 2089 1941 2133 und
1958 2089 2193 2134 kiinstlich

474 2181 554 2226 ist:
589 2181 756 2233 „Hore
787 2180 878 2233 auf,
909 2181 987 2226 die
1019 2180 1326 2234 unschuldige
1358 2181 1574 2234 Lycinna
1603 2154 1664 2227 zu
1711 2183 1896 2237 quiilen,
1940 2184 2068 2230 denn
2115 2185 2192 2230 nie

474 2277 636 2322 werde
667 2276 743 2322 ich
774 2276 848 2322 dir
878 2277 1228 2330 Veranlassung
1258 2291 1369 2322 zum
1401 2276 1672 2323 Verdachte
1694 2278 1888 2332 geben”.
1923 2279 2094 2325 Fateor
2116 2296 2193 2326 me

474 2385 570 2416 non
601 2371 870 2425 intelligere,
902 2372 1016 2425 quid
1046 2371 1279 2416 artificiosi
1312 2372 1369 2416 sit
1400 2372 1448 2416 in
1480 2374 1814 2419 sententiarum
1831 2375 2013 2428 ordine,
2030 2376 2192 2422 sicum

475 2465 702 2512 Fischero
733 2475 780 2511 et
810 2466 1098 2511 Baehrensio
1129 2465 1325 2510 disticha
1356 2467 1422 2511 sic
1454 2468 1826 2521 transponimus:

475 2560 631 2606 tabula
661 2562 787 2606 nulla
817 2571 918 2607 tuas
949 2563 1010 2606 de
1041 2562 1176 2606 nobis
1208 2563 1410 2607 concitet
1440 2563 1591 2608 auris:

524 2663 569 2700 te
600 2657 745 2700 solam
778 2665 823 2701 et
854 2656 987 2710 lignis
1017 2657 1194 2702 funeris
1226 2666 1355 2702 ustus
1386 2672 1555 2702 amem.

481 2757 526 2793 at
557 2757 607 2794 tu
639 2765 734 2794 non
767 2751 979 2795 meritam
1012 2766 1174 2804 parcas
1205 2767 1379 2797 vexare
1412 2752 1700 2804 Lycinnam:

523 2843 671 2888 nescit
703 2853 859 2888 vestra
889 2860 1031 2890 ruens
1062 2846 1131 2890 ira
1161 2846 1340 2890 referre
1371 2847 1558 2898 pedem.

479 2936 590 2981 Post
635 2952 703 2989 ea,
749 2953 871 2991 quae
902 2939 1054 2991 citavi,
1086 2940 1202 2984 haec
1233 2940 1362 2984 addit
1392 2940 1712 2986 doctissimus:
1759 2943 1930 2994 „Auch
1962 2945 2039 2989 die
2070 2945 2194 2989 Kon-

475 3030 688 3084 iunktive
733 3047 852 3077 con
870 3032 1036 3077 citet
1077 3034 1175 3078 und
1218 3049 1308 3078 am
1327 3049 1417 3078 em
1464 3035 1793 3081 harmonieren
1826 3037 1955 3083 nicht
1986 3038 2069 3083 mit
2100 3040 2192 3084 den

479 3126 899 3179 vorhergehenden
932 3127 1200 3172 Perfectis'’.

480 3220 549 3264 Hi
580 3221 866 3265 coniunctivi
897 3230 1052 3266 autem
1084 3237 1171 3275 pro
1201 3222 1368 3267 futuris
1400 3233 1521 3275 sunt,
1553 3233 1603 3268 ut
1634 3224 1817 3276 saepius
1840 3226 1964 3278 apud
1981 3235 2192 3272 nostrum

479 3315 538 3358 cf.
580 3315 899 3360 Rothsteinius
945 3316 1004 3360 ad
1052 3317 1087 3360 Ι.
1135 3316 1176 3360 4.
1216 3316 1256 3368 8,
1304 3317 1384 3361 ubi
1416 3327 1501 3371 ego
1532 3326 1687 3362 tamen
1719 3319 1822 3363 sin
1840 3329 1900 3364 at
1929 3321 2020 3365 alio
2051 3322 2194 3366 modo

398 3454 422 3499 ¹)
471 3460 516 3492 dc
542 3459 759 3499 quibusdam
785 3459 878 3493 locis
904 3455 1017 3499 Prop.
1044 3471 1076 3499 p.
1102 3460 1159 3494 28.
