2566 3886
1122 253 1359 299 „31-

450 390 536 434 hac
582 387 939 442 transpositione
985 387 1186 432 admissa
1218 400 1408 431 carmen
1441 385 1707 430 claudatur:
1740 399 1848 429 nam
1881 398 1977 428 non
2009 383 2160 427 solum

451 498 617 528 versus
648 482 719 528 43.
751 483 808 527 44
840 483 1084 528 meliorem
1116 481 1258 527 finem
1290 480 1530 534 praebent,
1563 480 1645 524 sed
1677 479 1869 524 ultimus
1899 492 2089 523 versus:

569 579 669 623 sive
700 578 801 623 dies
832 593 915 623 seu
946 592 1041 622 nox
1072 576 1257 622 venerit
1287 576 1363 621 illa
1394 590 1499 620 mea
1529 583 1599 620 est

450 672 619 725 prioris
634 673 776 726 partis
791 672 1006 718 ultimum
1023 686 1239 717 versum:
1262 671 1357 715 illa
1377 670 1582 715 futura
1606 685 1653 714 m
1667 684 1694 714 e
1708 684 1735 714 a
1757 683 1783 714 e
1797 677 1862 720 st,
1879 667 2164 720 lepidissime

450 767 718 820 respiciunt.
765 767 1013 812 Praeterea
1058 781 1199 811 versu
1231 764 1286 810 37
1322 764 1471 810 verbo
1514 765 1545 808 d
1559 779 1660 809 are
1674 773 1691 808 t
1733 763 1995 808 subiectum
2027 776 2163 807 suum

450 862 675 915 redditur,
733 863 862 915 quod
907 876 1191 915 quamquam
1238 875 1298 906 ex
1343 859 1500 912 priore
1547 858 1720 912 elegiae
1766 866 1897 911 parte
1958 856 2164 909 suppleri

450 966 601 1010 potest
632 957 798 1002 melius
830 965 984 1001 tamen
1016 955 1216 1001 additur.

449 1147 532 1192 sed
563 1146 693 1199 potui
725 1146 882 1191 blandi
914 1145 1133 1190 carminis
1163 1144 1406 1197 obsequio.

450 1241 544 1287 Pro
574 1257 694 1287 voce
725 1256 754 1286 o
765 1241 796 1286 b
810 1255 832 1286 s
845 1256 872 1286 e
885 1255 917 1294 q
930 1256 961 1286 u
975 1241 989 1285 i
1004 1255 1033 1285 o
1064 1239 1378 1285 Baehrensius
1393 1239 1441 1284 in
1455 1237 1754 1283 annotatione
1771 1237 1930 1282 critica
1946 1235 2166 1289 proponit

448 1351 476 1381 a
488 1336 545 1381 dl
559 1351 588 1381 o
601 1351 632 1389 q
646 1335 762 1388 uio,
807 1335 890 1380 sed
928 1350 958 1380 o
971 1335 1002 1379 b
1013 1350 1035 1380 s
1050 1350 1078 1380 e
1091 1350 1122 1387 q
1136 1335 1195 1379 ui
1211 1349 1240 1379 o
1284 1334 1406 1379 bene
1447 1341 1603 1378 tuetur
1635 1331 1943 1385 Rossbergius
1974 1328 2165 1389 (Fleck.

447 1431 610 1476 Jahrb.
645 1429 772 1483 1883,
804 1428 889 1487 68)
920 1430 1086 1475 collato
1118 1430 1222 1475 loco
1253 1429 1455 1474 Ausonii
1472 1426 1677 1486 (parent.
1695 1427 1766 1480 21,
1783 1425 1838 1485 6)
1854 1427 1935 1480 qui
1953 1434 2164 1472 nostrum

450 1526 652 1571 imitatus
695 1535 791 1571 est:
839 1525 1220 1579 stringamus
1252 1524 1470 1569 maesti
1515 1523 1814 1568 carminis
1846 1521 2167 1574 obsequio.

316 1715 388 1761 41.
421 1715 478 1761 42
539 1724 647 1761 sunt
677 1716 814 1769 igitur
845 1730 1020 1767 musae,
1052 1729 1208 1768 neque
1239 1714 1410 1760 amanti
1442 1714 1602 1759 tardus
1634 1713 1823 1765 Apollo,

317 2568 388 2614 43.

695 1811 800 1863 quis
831 1819 917 1864 ego
947 1810 1094 1855 fretus
1124 1824 1255 1862 amo3
1288 1808 1497 1862 Cynthia
1527 1823 1631 1854 rara
1662 1806 1836 1853 meast!

451 1906 545 1950 Pro
576 1920 707 1950 amo
739 1905 1052 1950 Baehrensius
1082 1919 1200 1950 ovo
1231 1904 1391 1956 edidit,
1423 1905 1551 1957 quod
1583 1903 1736 1957 primo
1768 1904 1991 1956 adspectu
2024 1902 2163 1947 valde

447 2001 618 2053 placen
635 2000 718 2045 sed
741 2015 768 2045 a
780 2015 827 2044 m
839 2014 868 2044 o
889 2000 1065 2052 optime
1081 2014 1132 2044 se
1148 1999 1303 2051 habet,
1319 1999 1356 2044 si
1371 1998 1518 2044 verba
1529 2006 1695 2051 poetae
1706 1998 1772 2043 sic
1783 1998 2165 2050 interpretamur:

449 2093 594 2147 „Sunt
625 2095 762 2148 igitur
793 2094 964 2139 Musae
1002 2103 1050 2139 et
1079 2094 1269 2146 Apollo,
1302 2094 1382 2146 qui
1414 2108 1492 2138 me
1523 2093 1571 2137 in
1604 2107 1765 2138 amore
1795 2092 2033 2144 adiuvant,
2065 2107 2162 2136 non

446 2189 674 2243 pecuniae
712 2204 802 2242 ope
834 2190 1016 2242 puellae
1047 2188 1256 2233 animum
1290 2188 1460 2243 vincio,
1493 2203 1602 2232 nam
1634 2188 1772 2240 plane
1803 2187 1862 2232 ab
1893 2187 2044 2232 avidis
2075 2186 2164 2231 illis

449 2285 615 2338 puellis
646 2284 813 2337 differt,
830 2299 951 2337 quae
970 2298 1086 2329 auro
1102 2283 1300 2328 donisve
1316 2283 1530 2337 pretiosis
1546 2297 1756 2328 amorem
1773 2297 1909 2327 suum
1928 2282 2164 2333 vendunt;

449 2394 553 2424 rara
583 2394 689 2425 mea
718 2378 949 2432 Cynthia!

451 2569 526 2614 De
542 2569 633 2614 hoc
649 2583 790 2613 versu
806 2568 1093 2613 conferenda
1109 2575 1216 2612 sunt
1232 2581 1353 2620 quae
1370 2567 1552 2619 scripsit
1567 2566 1642 2612 vir
1658 2567 1714 2611 cl.
1728 2566 1962 2612 Hartman
1979 2567 2026 2611 in
2043 2567 2164 2612 libro

449 2664 525 2709 cui
557 2664 715 2708 titulus
746 2664 806 2708 de
839 2662 1040 2707 Horatio
1073 2662 1217 2707 Poeta
1247 2677 1291 2714 p.
1317 2661 1415 2706 136.
1443 2662 1489 2706 Is
1510 2662 1636 2707 enim
1657 2670 1750 2706 tam
1767 2662 1906 2706 certis
1924 2662 2164 2714 firmisque

449 2758 732 2812 argumentis
772 2757 1048 2803 monstravit
1084 2772 1170 2809 pro
1201 2757 1368 2809 plantis
1413 2757 1638 2810 palmis
1683 2771 1786 2802 esse
1817 2757 2082 2810 legendum,
2114 2766 2165 2802 ut

451 2853 566 2899 nihil
597 2853 781 2898 addam.

1052 3097 1307 3143 ELEGIA
1338 3098 1424 3143 IX.

452 3249 499 3285 et
529 3239 612 3285 tibi
643 3254 771 3284 nunc
802 3239 996 3292 quaevis
1027 3239 1227 3292 imperat
1257 3247 1414 3292 empta
1445 3239 1602 3283 modo.

451 3350 484 3387 q
500 3350 531 3380 u
547 3350 575 3379 a
590 3349 617 3379 e
633 3350 666 3379 v
682 3334 697 3378 i
713 3349 735 3378 s
796 3333 857 3379 O.
920 3333 1275 3388 Hertzbergius,
1337 3349 1480 3386 quem
1543 3332 1864 3378 Rothsteinius
1919 3333 2162 3378 Palmerus

454 3428 772 3473 Phillimorius
847 3437 1122 3481 sequuntur,
1195 3429 1342 3473 verba
1413 3427 1580 3473 tradita
1641 3427 1850 3472 defendit
1910 3427 2161 3472 vertendo:
