2566 3886
313 780 384 825 29.

312 1259 383 1305 33.

313 2211 385 2257 39.

1102 270 1365 316 -138-

449 401 685 446 Lucianus
718 400 925 445 Mueller
957 400 1128 445 mirum
1161 401 1208 445 in
1241 401 1458 445 modum:
1491 415 1522 453 q
1536 416 1566 445 u
1581 415 1610 445 o
1624 401 1655 444 d
1687 417 1717 455 q
1732 417 1762 446 u
1776 417 1803 446 a
1816 417 1843 446 e
1857 417 1881 446 r
1894 402 1908 447 i
1923 417 1958 455 s,
1990 418 2057 448 cu
2070 419 2163 449 rae

448 512 478 540 n
493 511 522 540 ο
536 511 566 540 n
614 496 645 539 h
660 511 686 540 a
699 495 730 539 b
745 510 771 540 e
785 504 802 539 t
848 510 878 540 u
894 495 981 539 11u
996 510 1017 539 s
1055 510 1082 539 a
1095 511 1141 540 m
1157 511 1186 540 o
1199 511 1223 539 r
1261 511 1319 540 ex
1366 495 1636 540 coniectura
1684 495 1921 542 Huschkii
1953 498 2001 542 in
2034 506 2162 544 textu

447 590 690 643 posuisset.

446 781 574 834 quid,
607 796 715 826 cum
748 796 775 826 e
806 781 1055 834 complexu
1092 780 1329 825 Briseidos
1366 781 1453 826 iret
1487 781 1736 827 Achilles?

600 893 695 922 non
730 877 889 930 fugere
923 876 1078 921 minus
1110 875 1334 921 Thessala
1365 876 1456 921 tela
1488 876 1710 931 Phryges.

448 972 542 1017 Pro
589 987 723 1024 non,
755 972 883 1025 quod
929 971 1247 1016 Phillimorius
1293 979 1462 1022 servat,
1511 986 1620 1015 cum
1670 971 1754 1016 FL
1786 972 2036 1025 legendum
2068 982 2160 1019 est:

447 1083 601 1113 num.

448 1259 545 1304 Hic
576 1274 741 1304 versus
774 1259 909 1304 nobis
941 1259 1190 1304 ostendere
1214 1267 1365 1311 potest
1384 1258 1611 1311 plurimos
1628 1258 1812 1303 criticos
1830 1259 2162 1312 Propertianos

448 1362 607 1407 aperte
639 1362 859 1406 corrupta
889 1354 1145 1399 defendere
1177 1354 1329 1405 malle,
1361 1368 1502 1407 quam
1519 1362 1669 1398 certas
1686 1354 1897 1399 virorum
1915 1355 2161 1401 doctorum

448 1449 800 1494 emendationes
833 1448 880 1493 in
913 1457 1090 1494 textum
1123 1448 1360 1501 recipere:

446 1544 524 1589 ille
555 1544 632 1588 vel
664 1544 754 1595 hic,
786 1544 956 1589 classes
987 1553 1201 1598 poterant
1232 1545 1309 1590 vel
1341 1545 1541 1597 perdere
1573 1558 1760 1589 muros:

549 1639 626 1684 hic
658 1647 743 1692 ego
775 1639 976 1691 Pelides,
1008 1640 1085 1685 hic
1116 1640 1242 1685 ierus
1276 1640 1460 1685 Hector
1491 1648 1590 1692 ego.

448 1735 699 1779 Housman
718 1731 863 1792 (JPh.
880 1735 1002 1780 XXI
1025 1750 1070 1788 p.
1106 1732 1216 1793 125)
1248 1735 1349 1780 iure
1381 1735 1623 1780 observat:
1656 1735 1764 1787 „the
1796 1750 1933 1780 verse
1965 1750 2161 1788 appears

445 1837 492 1874 to
541 1830 853 1883 contemplate
894 1830 1045 1874 either
1082 1830 1197 1874 hero
1233 1829 1520 1883 pen-forming
1557 1830 1707 1874 either
1737 1829 1845 1889 seat,
1877 1831 1970 1875 and
2002 1831 2092 1876 this
2123 1831 2162 1876 is

446 1925 664 1970 absurd”.
686 1924 999 1970 Baehrensius
1020 1926 1110 1970 hoc
1134 1926 1300 1971 vitium
1324 1925 1506 1971 sustulit
1529 1926 1733 1971 delendo
1757 1927 1789 1971 h
1803 1926 1817 1970 i
1831 1941 1871 1979 c,
1894 1927 2022 1980 quod
2046 1927 2161 1972 mihi

446 2035 473 2065 e
510 2020 724 2073 sequenti
762 2034 903 2065 versu
941 2020 1183 2074 irrepsisse
1221 2021 1422 2073 videtur,
1459 2030 1505 2066 et
1536 2036 1622 2074 pro
1660 2021 1773 2067 ille
1811 2022 2008 2075 legendo
2045 2022 2160 2068 illi.

449 2220 527 2256 aut
559 2212 597 2256 si
629 2212 746 2256 forte
779 2211 893 2256 irata
923 2227 1031 2257 meo
1062 2212 1119 2256 sit
1148 2211 1270 2256 facta
1301 2212 1526 2264 ministro,

597 2315 648 2351 ut
678 2307 791 2351 sciat
822 2322 924 2351 esse
955 2307 1107 2359 aliam,
1139 2322 1259 2360 quae
1291 2307 1404 2351 velit
1435 2322 1537 2352 esse
1570 2306 1700 2352 mea!

445 2402 658 2446 Primum
690 2402 828 2447 huius
860 2402 1044 2446 distichi
1077 2417 1268 2447 versum
1301 2401 1617 2447 difficultatem
1649 2402 1877 2455 praebere
1900 2402 2160 2456 legentibus

445 2497 536 2542 iam
571 2497 855 2542 Passeratius
887 2497 1043 2549 sensit,
1075 2497 1156 2549 qui
1188 2498 1246 2541 ad
1278 2511 1469 2541 versum
1502 2496 1560 2541 39
1591 2506 1814 2542 annotare
1842 2498 2161 2543 necessarium

445 2592 625 2637 habuit:
674 2592 740 2644 ‚,si
778 2592 1098 2637 succensuerit
1143 2593 1333 2637 servulo
1380 2607 1483 2637 eam
1516 2592 1746 2637 vocanti’'.
1777 2592 1983 2637 Jacobus
2014 2592 2162 2638 verba

445 2703 576 2732 meo
638 2713 696 2718 —
757 2687 1051 2732 ministro
1113 2695 1333 2740 corrupta
1393 2686 1533 2732 habet
1584 2687 1850 2741 conicitque
1911 2702 2160 2733 mero...

446 2783 768 2836 ministro;
803 2782 1073 2836 Hertzberg
1104 2790 1259 2827 tamen
1292 2781 1407 2826 nihil
1430 2790 1589 2834 mutat,
1613 2783 1951 2836 quaerentique
1974 2782 2161 2835 Iacobo,

445 2895 529 2924 cur
560 2879 772 2924 omnium
805 2893 1051 2923 causarum
1083 2877 1260 2921 levium
1292 2877 1413 2921 hanc
1444 2877 1737 2929 potissimum
1769 2886 1907 2930 poeta
1939 2878 2158 2930 proferat,

443 2975 509 3019 sic
541 2975 818 3028 respondet:
852 2974 1039 3026 ‚,credo,
1071 2973 1181 3025 quia
1213 2987 1269 3017 eo
1302 2972 1403 3024 ipso
1434 2981 1647 3025 tempore
1670 2973 1770 3018 eius
1790 2972 2001 3018 minister
2020 2987 2160 3018 causa

445 3069 577 3123 iurgii
617 3069 832 3114 extiterit.
872 3068 980 3113 Nec
1018 3076 1174 3113 tamen
1207 3069 1323 3112 haec
1354 3083 1476 3120 quae
1507 3068 1809 3112 familiaribus
1841 3076 2019 3113 tantum
2051 3076 2161 3113 nota

444 3180 547 3210 esse
585 3173 813 3217 poterant,
850 3164 1045 3209 fortasse
1083 3163 1221 3207 etiam
1261 3163 1345 3207 soli
1391 3162 1641 3215 Cynthiae,
1674 3163 1882 3207 indicare
1913 3163 2080 3208 leviter
2110 3162 2159 3208 in

444 3275 501 3304 eo
540 3260 747 3304 carmine
779 3259 961 3311 licebat,
993 3259 1121 3311 quod
1154 3273 1249 3303 non
1282 3258 1490 3310 privatae
1520 3266 1700 3302 tantum
1733 3257 2043 3309 delectationi,
2074 3258 2158 3302 sed

443 3354 683 3399 communi
737 3355 841 3399 usui
895 3354 1176 3399 destinatum
1230 3353 1372 3398 fuisse
1425 3353 1524 3406 ipsa
1569 3352 1712 3397 editio
1757 3360 1964 3397 testatur.
2012 3351 2157 3396 Unde

443 3448 606 3502 effici0,
639 3457 689 3494 ut
720 3449 859 3502 paulo
890 3457 997 3494 ante
1028 3449 1149 3494 hanc
1181 3448 1374 3503 elegiam
1406 3447 1512 3493 libri
1545 3447 1630 3494 IV.
1663 3447 1690 3494 8
1711 3447 1881 3503 scripta
1901 3447 2055 3502 fuerit,
2075 3446 2157 3493 ubi
