2566 3886
349 1039 417 1084 14.

346 1393 415 1439 16.

1138 252 1315 299 —263
1346 278 1403 284 -

481 387 734 432 Peccaram
766 386 926 438 semel,
957 393 1004 430 et
1034 393 1181 429 totum
1214 398 1318 428 sum
1350 391 1511 435 portus
1541 382 1590 427 in
1622 397 1798 427 annum

482 481 558 528 Sic
601 482 678 534 N;
725 496 811 535 pro
855 495 975 525 voce
1011 479 1144 525 nihili
1176 487 1401 533 portus
1432 478 1480 522 in
1513 476 1699 522 DVFL
1730 476 1925 530 legimus
1956 475 2193 528 pulsus,

481 591 603 630 quae
648 591 724 621 me
768 576 923 621 iudice
963 574 1102 620 lectio
1131 573 1372 626 archetypi
1403 581 1473 618 est
1503 573 1551 617 in
1584 571 1634 617 N
1666 579 1900 625 corrupta.
1932 570 2073 615 Falso
2104 569 2193 614 viri

480 671 604 717 docti
653 671 744 723 hic,
791 671 872 716 ubi
918 670 1106 715 codices
1151 668 1238 722 ipsi
1285 683 1453 713 verum
1500 667 1742 720 praebent,
1792 667 1852 711 ad
1898 666 2191 711 coniecturas

479 767 788 820 confugerunt
833 763 1037 823 (tusus
1083 764 1161 808 vel
1207 771 1469 816 optusus
1516 762 1704 807 Palmer
1733 761 1851 807 JPh.
1885 760 1996 813 XV,
2029 775 2073 813 p.
2108 758 2192 804 143

480 861 608 914 quod
639 861 831 914 pulsus
862 874 957 905 non
989 858 1244 913 respondet
1258 857 1418 902 versui
1435 857 1646 909 decimo3
1664 856 1939 902 Phillimore
1962 852 2192 912 postus).

480 1039 592 1084 Post
630 1039 758 1084 hunc
801 1052 992 1083 versum
1039 1051 1147 1081 cum
1179 1035 1562 1087 Struchtmeyero
1592 1031 1877 1092 (Animadv.
1909 1049 1974 1079 cr.
2006 1033 2085 1078 lib.
2119 1031 2191 1091 ΙΙ)

479 1133 715 1179 inserendi
759 1141 866 1179 sunt
908 1147 1074 1178 versus
1119 1130 1175 1176 19
1217 1139 1263 1176 et
1302 1130 1374 1182 20,
1415 1130 1544 1183 quod
1577 1144 1718 1174 nemo
1748 1138 1934 1183 praeter
1965 1128 2191 1174 Ottonem

477 1228 815 1274 Baehrensium
847 1227 1131 1281 Postgatium
1165 1226 1483 1272 Hartmanum
1514 1225 1754 1270 intellexit.

476 1394 572 1439 Pro
617 1394 920 1447 percutit
956 1409 1065 1439 cum
1098 1393 1261 1445 Guyto
1292 1391 1639 1445 praecutit
1659 1388 1700 1448 ¹)
1731 1391 1981 1445 legendum
2014 1399 2098 1443 est,
2131 1391 2187 1435 cf.

479 1487 573 1534 Ov.
606 1488 725 1534 Met.
758 1488 844 1541 lv,
877 1487 978 1534 759.

758 1661 960 1707 exclusis
991 1661 1041 1706 fit
1071 1674 1230 1706 comes
1261 1659 1361 1713 ipsa
1391 1659 1574 1704 Venus.

476 1757 585 1802 Iure
615 1756 862 1802 Vahlenus
903 1756 1012 1802 voci
1052 1755 1334 1801 exclusis
1378 1769 1568 1800 crucem
1600 1754 1806 1807 adponit,
1839 1769 1948 1799 nam
1980 1754 2056 1800 cui
2087 1769 2188 1807 per·

474 1853 725 1898 suadeatur
754 1867 782 1897 a
813 1851 1122 1904 Rothsteinio,
1153 1850 1235 1904 qui
1266 1849 1542 1896 exclusis
1574 1864 1739 1895 sanum
1771 1850 1949 1895 ducens
1980 1849 2028 1894 in
2060 1851 2187 1895 hunc

473 1948 668 1993 modum
711 1947 969 1992 defendere
1011 1954 1230 1992 conatur:
1275 1945 1406 1998 „Fur
1436 1945 1530 1990 den
1562 1944 1870 1998 allgemeinen
1902 1945 2081 1998 Begriff
2103 1946 2187 1991 des

475 2041 780 2093 Liebhabers,
821 2042 913 2086 den
956 2055 1065 2086 man
1108 2040 1212 2085 hier
1253 2048 1485 2091 erwartet,
1529 2039 1624 2084 tritt
1667 2041 1753 2085 der
1795 2039 2058 2086 besondere
2102 2041 2186 2086 des

473 2137 768 2182 exclusus
809 2144 1041 2181 amator
1071 2135 1164 2188 ein,
1205 2136 1292 2180 der
1322 2136 1370 2180 in
1403 2135 1661 2181 besonders
1692 2135 1866 2180 hohem
1899 2135 2059 2181 Masse
2091 2136 2184 2181 den

472 2231 715 2278 Gefahren
747 2231 833 2275 der
863 2229 1022 2275 Nacht
1052 2239 1312 2284 ausgesetzt
1342 2230 1442 2275 ist”.

472 2325 814 2379 Hertzbergius
854 2326 1079 2378 explicat:
1117 2326 1347 2378 „exclusis
1378 2325 1664 2370 commercio
1695 2324 1997 2378 hominum'';
2029 2327 2183 2371 exclu-

468 2421 593 2466 ditur
634 2429 791 2466 tamen
833 2421 871 2466 is
911 2429 1104 2473 tantum,
1151 2421 1233 2474 qui
1279 2436 1307 2466 a
1337 2421 1492 2474 puella
1522 2435 1618 2466 non
1650 2421 1919 2466 admittitur.
1952 2420 2183 2466 Solemnis

467 2524 538 2561 est
567 2515 706 2561 huius
737 2515 954 2562 vocabuli
986 2516 1072 2561 vis.

468 2610 666 2656 Fischer
696 2610 896 2656 coniecit
938 2626 1086 2656 ecce
1129 2611 1272 2664 suis,
1315 2611 1397 2664 qui
1428 2610 1601 2656 deinde
1632 2626 1798 2656 versus
1829 2626 1938 2656 cum
1977 2611 2180 2656 Strucht-

468 2720 662 2757 meyero
692 2714 797 2758 post
828 2705 883 2750 14
915 2706 1210 2758 transposuit.

471 2799 704 2852 Etmidem
736 2815 845 2844 cum
878 2800 1095 2845 Palmero
1126 2798 1244 2858 (CR
1277 2801 1338 2852 ΙΙ,
1370 2816 1415 2854 p.
1448 2799 1532 2858 39)
1565 2798 1608 2858 2)
1638 2801 1792 2854 legere
1824 2801 1993 2845 velim:

618 2894 840 2947 sanguine
870 2902 964 2938 tam
996 2909 1143 2947 parvo
1174 2895 1278 2947 quis
1310 2895 1436 2939 enim
1468 2904 1708 2949 spargatur
1738 2896 1933 2940 amantis

677 2988 932 3041 improbus,
975 2997 1032 3033 et
1075 2988 1255 3033 cuius
1298 2989 1355 3033 sit
1385 3004 1543 3034 comes
1575 2990 1675 3042 ipsa
1705 2990 1885 3035 Venus.

468 3082 563 3127 Pro
594 3097 788 3135 parvo
820 3083 874 3127 L.
908 3083 1171 3128 Muellerus
1202 3083 1378 3135 recepit
1409 3084 1623 3129 Fischeri
1654 3085 1970 3130 coniecturam
1994 3100 2174 3138 puro;

467 3192 622 3230 neque
668 3185 823 3222 tamen
861 3186 1013 3230 recte;
1045 3177 1331 3223 Germanice
1362 3187 1544 3225 vertas:
1576 3180 1607 3223 d
1621 3193 1681 3223 as
1713 3178 1752 3223 B
1766 3178 1780 3223 i
1794 3193 1854 3223 sc
1868 3180 1984 3223 hen
2018 3179 2128 3224 Blu
2142 3188 2172 3224 t.

383 3318 414 3363 ¹)
461 3321 562 3355 Idem
601 3322 833 3361 pleonasmus
871 3318 1138 3364 (praecutit
1176 3320 1330 3365 ante):
1368 3323 1412 3364 11,
1448 3323 1482 3363 3,
1508 3322 1553 3357 50
1578 3324 1758 3358 dehinc
1784 3324 1916 3359 domiti
1941 3325 2172 3365 posthaec

451 3392 566 3421 aequa
590 3387 628 3415 et
652 3381 776 3422 iniqua
799 3382 932 3416 ferunt.

380 3435 407 3482 ¹)
457 3439 516 3473 Sic
541 3451 684 3481 quoque
713 3440 921 3482 Postgatius
948 3436 1084 3484 (1894).
