2566 3886
1155 257 1422 303 —254—

498 385 588 430 wie
631 385 695 430 im
739 388 981 432 nachtsten
1025 387 1179 433 Verse
1210 389 1297 433 der
1328 388 1576 442 Gedanke‚
1608 390 1714 435 dass
1745 390 1822 436 die
1853 390 2214 446 Prophezeiung

498 481 585 524 der
601 480 866 525 Kassandra
880 482 1050 534 gerade
1067 483 1294 535 dadurch,
1311 484 1418 528 dass
1434 483 1501 528 sie
1518 484 1646 528 irrita
1661 499 1773 536 war,
1782 484 1881 530 sich
1889 485 2212 540 bestiitigthat'’

497 573 682 620 Neutra
712 575 959 627 explicatio
990 577 1242 631 quicquam
1276 579 1467 631 prodest
1487 577 1552 636 1);
1586 578 1870 625 Bahrensius
1902 595 2071 627 verum
2094 582 2212 627 vidit

497 667 664 727 (Misc.
696 669 815 715 Crit.
847 687 892 724 p.
927 669 1067 728 105):
1098 672 1176 717 illa
1221 673 1353 719 furor
1395 674 1571 726 patriae
1618 674 1723 719 vilis
1769 675 1870 727 fuit,
1916 676 1994 720 ille
2031 677 2211 729 parenti

499 767 799 812 Pentameter
842 766 955 812 mihi
1003 768 1216 813 nondum
1255 782 1395 813 sanus
1425 768 1628 820 videtur,
1660 784 1768 814 nam
1801 784 1923 823 exp
1941 779 2083 816 erta
2113 780 2213 816 est

496 876 523 906 e
539 877 570 906 x
587 876 618 914 p
635 876 663 906 e
680 877 704 906 r
719 861 734 906 i
751 876 778 906 e
795 876 826 906 n
844 862 875 906 d
892 876 922 907 o
976 878 1007 916 p
1023 878 1048 907 r
1063 877 1093 908 o
1110 863 1141 907 b
1157 878 1185 907 a
1199 878 1231 907 v
1248 863 1263 907 i
1280 871 1297 907 t
1346 862 1603 915 significare
1647 878 1742 908 non
1782 865 1940 910 credo.
1975 865 2211 911 Fonteinii

494 955 764 1002 coniectura
804 971 832 1001 a
862 957 1081 1003 ductibus
1112 958 1370 1003 litterarum
1403 957 1542 1003 nimis
1574 958 1724 1011 distat,
1756 960 1838 1004 sed
1871 959 2048 1005 bonum
2081 976 2211 1014 prae-

495 1052 575 1097 bet
606 1067 821 1097 sensum:

613 1156 806 1200 experta
836 1156 906 1193 est
938 1163 1076 1193 veros
1107 1148 1261 1193 diruta
1292 1148 1435 1194 Troia
1465 1149 1593 1194 deos.

1053 1492 1308 1538 ELEGIA
1348 1493 1486 1539 XIV.

388 1622 430 1667 3.
493 1623 620 1676 quod
654 1637 750 1667 non
782 1623 968 1668 infamis
999 1633 1188 1669 exercet
1219 1639 1419 1677 corpore
1450 1625 1612 1670 laudes
2082 1685 2086 1690 1

492 1717 672 1762 Iniuria
704 1717 1026 1764 Rothsteinius
1052 1727 1099 1764 et
1124 1719 1442 1764 Phillimorius
1457 1719 1687 1764 Johannis
1699 1720 1869 1765 Aurati
1892 1721 2208 1766 coniecturam

491 1814 686 1859 ludos
717 1823 970 1867 spernunt:
1002 1815 1168 1860 vitium
1200 1815 1353 1860 simile
1384 1815 1624 1860 invenitur
1651 1815 1714 1867 ΙΙ,
1745 1814 1903 1868 34‚85:

490 1909 606 1953 haec
637 1924 828 1963 quoque
859 1911 1067 1963 perfecto
1099 1910 1290 1956 ludebat
1322 1910 1488 1955 Iasone
1519 1910 1690 1962 Varro,

490 2004 572 2048 ubi
603 2004 884 2050 ludebat
916 2005 1026 2058 FN,
1058 2005 1381 2051 laudebat
1412 2005 1523 2050 DV.

385 2193 427 2238 5.
490 2209 598 2239 cum
630 2194 725 2248 pila
755 2195 944 2240 veloces
975 2195 1091 2240 fallit
1121 2210 1207 2249 per
1238 2195 1458 2240 bracchia
1488 2196 1633 2241 iactus

492 2288 815 2335 Rothsteinius
846 2290 996 2335 credit
1018 2291 1144 2335 hunc
1177 2305 1368 2335 versum
1401 2291 1462 2334 ita
1493 2305 1596 2335 esse
1626 2291 1935 2335 vertendum:
1968 2290 2090 2343 „pila
2120 2305 2206 2343 per

488 2384 677 2428 veloces
707 2384 854 2429 iactus
884 2384 999 2429 fallit
1030 2385 1291 2437 bracchia’',
1323 2385 1407 2429 sed
1438 2399 1537 2438 per
1566 2384 1744 2429 iactus
1776 2385 1890 2429 mihi
1924 2385 2090 2430 Latine
2118 2400 2205 2439 pro

486 2484 689 2529 ablativo
731 2484 823 2529 dici
855 2499 951 2529 non
984 2485 1184 2530 videtur.
1219 2485 1563 2538 Hertzbergius
1594 2485 1948 2537 interpretatur:
1981 2484 2081 2537 ipsa
2110 2484 2205 2538 pila

485 2578 657 2623 dicitur
687 2578 833 2624 iactus
865 2594 974 2624 suos
991 2580 1165 2633 fallere,
1182 2581 1296 2625 dum
1317 2596 1508 2625 cursum
1525 2595 1677 2633 suum,
1695 2595 1837 2633 quem
1852 2581 2203 2633 quodammodo

485 2673 759 2726 promittere
812 2674 1075 2727 videbatur,
1122 2675 1276 2720 subito
1322 2675 1412 2720 alio
1458 2675 1620 2727 flectit;
1667 2675 1734 2719 sic
1765 2683 1921 2719 tamen
1967 2688 2086 2728 opus
2131 2683 2201 2719 est

485 2767 824 2814 Cornelissenii
856 2770 1148 2815 correctione
1180 2768 1329 2828 (Mm.
1362 2769 1463 2815 N.S
1492 2770 1590 2814 VII
1622 2785 1667 2823 p.
1694 2767 1806 2827 105)
1837 2784 1946 2822 per
1986 2769 2201 2814 inania

484 2878 571 2916 pro
603 2879 712 2917 per
758 2864 1074 2910 bracchia.

483 2959 582 3013 Ego
613 2961 772 3005 malim
804 2975 995 3006 versum
1027 2976 1136 3006 cum
1170 2960 1402 3014 scaligero
1434 2960 1666 3006 scribere:

596 3071 705 3100 cum
737 3056 831 3108 pila
861 3056 1014 3100 veloci
1045 3056 1159 3100 fallit
1178 3053 1221 3113 Β)
1252 3070 1337 3108 per
1368 3055 1586 3100 bracchia
1616 3055 1764 3106 iactu;

483 3150 814 3196 Lachmannus
827 3160 983 3196 tamen
1000 3151 1283 3203 improbavit
1299 3152 1419 3195 hanc
1436 3149 1828 3202 emendationem,
1844 3149 1972 3202 quod
1990 3148 2043 3194 ia
2055 3164 2081 3194 c
2097 3158 2115 3194 t
2130 3165 2162 3194 u
2175 3164 2197 3194 s

403 3307 434 3353 ¹)
483 3314 523 3346 cs
542 3314 765 3353 versionem,
791 3324 899 3353 quam
926 3313 1028 3346 dedit
1053 3309 1292 3347 Phissimorc:
1316 3313 1398 3353 „ah‚
1423 3313 1511 3346 here
1526 3323 1635 3347 wasa
1654 3313 1824 3346 maduca·
1837 3312 1958 3345 which
1972 3312 2086 3353 might
2102 3312 2196 3346 have

348 3388 479 3422 nen-ved
499 3388 565 3420 her
578 3393 735 3425 country
761 3386 831 3418 and
858 3386 924 3418 her
949 3385 1068 3418 father
1093 3385 1178 3418 well
1188 3384 1222 3418 P’
1249 3384 1344 3423 Quis
1370 3385 1461 3417 haec
1487 3395 1507 3418 e
1531 3384 1657 3419 verbio
1682 3383 1829 3417 traditi·
1855 3383 2019 3422 proferre
2045 3381 2195 3422 potent?

396 3455 429 3500 ²)
477 3459 523 3491 cf.
550 3458 662 3498 Verg.
689 3456 784 3490 Aen.
810 3452 880 3495 IX,
906 3455 996 3489 571:
1024 3455 1084 3489 hic
1110 3456 1231 3489 iaculo
1257 3455 1386 3495 bonus,
1412 3455 1471 3488 hic
1498 3455 1605 3496 longe
1630 3454 1861 3488 fallente
1887 3454 2031 3495 “gitta-
