2566 3886
1147 283 1206 291 —
1237 258 1414 305 265-—

351 390 420 436 17.
481 391 596 435 dum
628 390 771 435 modo
802 403 1042 443 purpureo
1080 393 1120 430 -1-
1156 403 1334 434 numen
1366 388 1482 433 mihi
1513 388 1637 433 dolia
1669 396 1823 433 musto

346 1769 417 1814 27.

483 484 704 538 Plerique
735 483 938 529 editores
969 499 1056 537 pro
1088 498 1207 529 voce
1238 491 1458 536 corrupta
1503 499 1534 527 n
1547 498 1579 527 u
1594 498 1641 527 m
1655 498 1682 527 e
1696 498 1742 534 n,
1780 482 1909 535 quod
1949 482 2116 535 legitur
2153 482 2200 526 in

482 579 644 631 NDV‚
676 594 784 624 cum
817 578 943 623 Italis
974 578 1210 631 corrigunt
1240 586 1543 629 spument.
1577 577 1713 623 Haec
1744 577 2015 622 coniectura
2044 585 2200 622 tamen

481 689 576 719 non
614 682 745 719 curat
780 674 1038 719 lttterarum
1076 674 1259 724 ductuS,
1296 686 1437 724 quam
1475 673 1538 717 ob
1580 687 1681 717 rem
1714 671 1972 725 Postgatius
2002 672 2203 717 coniecit

481 765 614 825 (CR.
645 767 756 820 XV.
787 783 833 821 p.
865 765 978 825 409)
1009 768 1336 813 cumulem
1368 775 1638 819 comparato
1670 765 1765 812 Ov.
1796 765 1878 811 Tr.
1911 766 1998 818 111,
2017 765 2086 818 10,
2119 765 2200 810 71:

598 878 692 908 non
725 863 802 908 hic
833 863 1082 917 pampinea
1112 862 1261 908 dulcis
1292 862 1404 907 latet
1435 876 1530 907 uva
1560 862 1648 907 sub
1680 861 1863 914 umbra,

668 972 764 1002 non
796 957 1036 1002 cumulant
1066 957 1182 1002 altos
1213 956 1396 1002 fervida
1426 965 1578 1002 musta
1608 957 1749 1002 lacus.

483 1051 611 1098 Cum
628 1060 799 1105 tamen,
817 1060 867 1097 ut
883 1052 983 1106 ipse
1014 1051 1170 1104 sensit,
1202 1052 1354 1105 prima
1384 1065 1585 1104 persona
1615 1051 1919 1096 cumulem
1950 1050 2026 1095 hic
2042 1050 2197 1095 minus

478 1148 671 1200 placeat,
708 1147 847 1192 etiam
886 1162 955 1192 cu
971 1147 1162 1191 mulet
1202 1146 1435 1200 proponit,
1467 1145 1544 1197 ita,
1576 1154 1626 1190 ut
1669 1159 1788 1190 uva
1831 1144 2094 1189 subiectum
2126 1144 2196 1196 sit,

478 1242 606 1295 quod
638 1241 753 1287 mihi
784 1255 976 1294 prorsus
1007 1255 1103 1286 non
1135 1240 1325 1286 arridet.

480 1336 610 1388 Quid
642 1337 891 1390 legendum
924 1345 1059 1388 esset,
1084 1335 1263 1389 primus
1284 1333 1325 1392 ι)
1342 1334 1606 1380 mortalium
1624 1332 1861 1387 perspexit
1879 1332 2198 1378 Phillimorius

479 1431 561 1484 qui
609 1446 740 1476 suam
787 1431 1166 1476 emendationem
1212 1438 1334 1475 tum
1349 1437 1490 1475 eant
1536 1428 1748 1474 defendit
1794 1436 2063 1481 comparato
2106 1428 2197 1473 hoc

476 1526 582 1572 loco
612 1541 672 1571 ex
702 1525 846 1571 Aetn.
878 1525 991 1571 271:

558 1646 568 1652 ·
595 1621 765 1666 horrea
795 1620 862 1665 uti
893 1629 1047 1666 satura
1077 1629 1123 1666 et
1167 1628 1450 1666 tumeant
1481 1627 1531 1664 ut
1575 1618 1700 1664 dolia
1731 1626 1899 1663 musto.

478 1778 524 1814 et
555 1768 637 1814 tibi
665 1783 751 1821 per
781 1768 984 1814 mediam
1016 1768 1139 1813 bene
1169 1767 1342 1813 olentia
1372 1767 1564 1812 flumina
1596 1766 1769 1812 Naxon

480 1864 797 1910 Durissimum
840 1872 924 1917 est,
970 1864 1098 1918 quod
1145 1863 1346 1908 verbum
1396 1877 1543 1915 esse,
1584 1862 1782 1907 fuisse
1829 1861 1906 1906 hic
1956 1861 2195 1914 omittitur,

478 1974 620 2013 quam
651 1958 713 2004 ob
744 1973 845 2004 rem
876 1957 1071 2004 fortasse
1102 1972 1189 2012 pro
1227 1956 1276 2002 N
1291 1972 1361 2002 ax
1375 1972 1448 2002 on
1486 1972 1594 2002 cum
1627 1956 1915 2002 Baehrensio
1945 1957 2195 2010 legendum

478 2062 548 2099 est
588 2069 619 2098 n
634 2053 787 2106 asci;
828 2054 915 2098 hac
948 2052 1217 2098 coniectura
1246 2060 1483 2104 assumpta
1526 2051 1785 2096 mediam
1828 2060 2101 2104 corruptum
2140 2052 2197 2096 sit

478 2163 671 2194 necesse
711 2157 804 2201 est;
845 2148 1025 2195 accedit
1069 2148 1197 2202 quod
1240 2163 1288 2192 m
1303 2147 1503 2192 ediam
1540 2155 1588 2192 et
1617 2147 1753 2192 aliam
1785 2146 1848 2192 ob
1879 2161 2066 2192 causam
2099 2161 2196 2192 sur-

478 2251 688 2297 spectum
732 2252 827 2288 est:
870 2258 979 2288 nam
1023 2243 1216 2288 flumina
1261 2257 1368 2295 per
1410 2242 1667 2287 mediam
1710 2241 1929 2286 Naxon
1972 2241 2084 2287 oriri
2116 2242 2196 2287 vix

478 2338 787 2392 intelligimus,
833 2338 871 2383 si
918 2353 1025 2383 cum
1072 2337 1366 2383 Rothsteinio
1398 2337 1646 2390 „omnibus
1677 2335 2022 2390 spectantibus”
2053 2336 2196 2389 expli-

475 2447 650 2478 camus.
682 2433 901 2479 Fortasse
932 2433 1081 2487 igitur,
1099 2447 1208 2478 nam
1239 2441 1366 2478 certa
1396 2434 1513 2478 haec
1542 2432 1771 2478 correctio
1799 2431 1914 2477 mihi
1942 2446 2038 2477 non
2067 2431 2194 2476 vide-

475 2536 564 2580 tur,
596 2542 760 2574 versus
791 2528 853 2573 ita
883 2528 1096 2574 edendus
1127 2536 1222 2573 est:
2205 2507 2210 2511 η

627 2632 674 2666 et
704 2622 787 2667 tibi
818 2637 903 2675 per
935 2622 1075 2667 Diam
1107 2623 1229 2668 bene
1261 2622 1433 2667 olentia
1463 2622 1656 2667 flumina
1686 2621 1813 2666 nasci

477 2724 523 2760 et
553 2716 618 2760 sic
651 2716 916 2762 Hartmano
947 2732 1136 2771 quoque
1162 2717 1363 2761 videtur.
1397 2717 1576 2761 Diam
1609 2716 1877 2761 coniectura
1900 2723 1969 2760 est
1991 2715 2194 2759 Palmeri

477 2806 600 2867 (Ha.
634 2810 670 2862 1,
702 2826 747 2864 p.
782 2809 906 2868 162.)

350 2955 421 3001 33.
482 2957 640 3002 mollia
671 2957 900 3003 Dircaeae
931 2957 1182 3010 pulsabunt
1212 2966 1434 3011 tympana
1465 2957 1673 3009 Thebae,

347 3143 418 3189 35.

556 3051 829 3105 capripedes
860 3052 1039 3097 calamo
1072 3052 1223 3097 Panes
1254 3051 1411 3096 hiante
1442 3061 1624 3103 canent,

479 3145 656 3190 vertice
687 3146 914 3199 turrigero
945 3146 1072 3191 iuxta
1103 3147 1192 3190 dea
1222 3155 1388 3199 magna
1419 3145 1618 3198 Cybelle

556 3241 720 3284 tundet
741 3238 783 3297 Β)
814 3241 873 3285 ad
906 3241 1072 3285 Idaeos
1104 3239 1318 3292 cymbala
1348 3255 1489 3285 rauca
1519 3240 1702 3285 choros.

397 3379 425 3425 ι>
477 3383 609 3418 Postea
634 3384 732 3418 idem
759 3385 921 3419 coniecit
947 3385 1167 3426 Postgatius.

398 3438 431 3485 ¹)
479 3438 543 3478 Sic
569 3450 670 3478 recte
696 3439 860 3487 Scaliger
887 3455 952 3484 pro
990 3444 1112 3479 fund
1127 3455 1147 3479 e
1162 3451 1188 3479 t.
