2566 3886
1146 277 1382 326 -20-

469 409 688 454 carminis
719 410 831 454 olim
862 409 1044 455 initium
1076 411 1217 456 fuisse
1249 413 1447 457 credens
1478 413 1725 458 exordium
1758 414 1896 459 huius
1921 415 2095 469 elegiae
2122 415 2188 461 sic

468 505 728 550 constituit:

571 600 754 653 Invide,
787 609 836 646 tu
867 602 1057 646 tandem
1090 617 1233 647 voces
1264 618 1513 655 compesce
1545 605 1762 649 molestas

688 705 734 741 et
765 697 866 742 sine
898 712 984 742 nos
1015 712 1171 750 cursu,
1203 713 1299 750 quo
1330 713 1507 751 sumus,
1539 699 1608 744 ire
1639 699 1794 752 pares!

569 792 684 844 quid
717 807 794 837 me
825 808 921 837 non
953 793 1125 845 pateris
1156 793 1280 838 vitae
1311 795 1648 848 quodcumque
1679 804 1903 848 sequetur

687 890 778 934 hoc
809 889 953 943 magis
985 890 1173 935 assiduo
1204 890 1380 935 ducere
1411 890 1638 936 servitio?

466 983 696 1030 Concedo
727 1001 893 1030 versus
925 986 1098 1030 eiectos
1130 994 1316 1031 nostrae
1348 986 1521 1039 elegiae
1553 987 1665 1032 olim
1694 995 1886 1040 quartae
1903 987 2059 1040 fuisse,
2075 1003 2184 1033 nam

464 1088 613 1125 totum
656 1081 746 1126 hoc
788 1096 978 1126 carmen
1020 1090 1090 1126 est
1132 1082 1221 1134 „de
1259 1081 1452 1126 homine
1509 1082 1747 1135 invido,
1791 1083 1872 1136 qui
1914 1083 2185 1129 vocibus

464 1176 559 1220 suis
591 1191 637 1220 m
653 1176 874 1221 olestis
921 1185 1086 1229 poetae
1133 1185 1340 1221 mentem
1388 1192 1415 1221 a
1456 1175 1664 1229 Cynthia
1706 1177 1943 1223 abducere
1975 1187 2183 1231 conatur,

463 1271 544 1323 qui
600 1286 682 1316 eos
740 1287 928 1316 cursu
984 1287 1104 1325 quo
1148 1281 1290 1317 sunt
1331 1272 1422 1317 ire
1466 1287 1648 1325 pares
1690 1288 1786 1318 non
1830 1274 2027 1327 patitur3
2070 1275 2182 1320 alias

463 1367 641 1419 puellas
679 1367 848 1418 laudat,
881 1367 981 1412 fore
1027 1382 1219 1420 sperans
1265 1376 1316 1412 ut
1362 1368 1427 1412 sic
1471 1383 1603 1413 suam
1635 1369 1839 1420 puellam
1871 1384 2096 1422 spernere
2139 1379 2187 1415 et

462 1471 767 1508 contemnere
798 1471 935 1515 poeta
967 1463 1155 1507 discat’'.
1188 1462 1355 1508 Unum
1384 1471 1541 1507 tamen
1579 1463 1694 1507 mihi
1738 1464 1894 1509 minus
1929 1464 2184 1510 verisimile

461 1559 663 1611 videtur,
710 1559 839 1611 quod
886 1559 960 1603 vir
999 1559 1282 1604 clarissimus
1321 1559 1612 1604 Hartmanus
1651 1574 1817 1604 versus
1857 1559 1897 1604 l.
1929 1559 1956 1604 2
1988 1569 2180 1613 quartae

461 1654 650 1707 elegiae,
682 1652 733 1699 ut
763 1669 790 1699 a
820 1654 1121 1707 grammatico
1152 1655 1212 1698 ad
1258 1655 1586 1699 detruncatum
1633 1669 1824 1699 carmen
1863 1656 2181 1708 supplendum

458 1749 619 1802 factos,
667 1749 920 1794 damnavit.
968 1748 1043 1794 Sic
1090 1749 1215 1794 enim
1248 1749 1386 1802 periit
1428 1765 1603 1794 nomen
1642 1750 1887 1803 proprium
1919 1750 1999 1796 Ba
2015 1765 2180 1804 ssus;

459 1845 811 1890 observandum
849 1853 1005 1889 autem
1043 1852 1113 1889 est
1150 1852 1328 1889 ceteras
1360 1859 1525 1890 omnes
1563 1845 1731 1898 elegias
1768 1854 1943 1891 certam
1975 1846 2178 1900 aliquam

458 1956 708 1993 personam
746 1940 934 1993 alloqui,
973 1940 1029 1984 ci.
1069 1955 1190 1992 quae
1221 1940 1280 1984 ad
1312 1940 1451 1985 huius
1483 1940 1590 1985 libri
1621 1941 1816 1994 elegiam
1848 1942 2179 1988 duodecimam

457 2051 526 2081 vs.
559 2036 587 2081 2
618 2035 961 2081 annotavimus.

458 2131 583 2176 Mihi
614 2132 743 2184 quod
785 2146 913 2176 nunc
959 2139 1029 2176 est
1069 2131 1276 2183 primum
1318 2131 1550 2176 distichon
1591 2131 1765 2185 elegiae
1806 2132 1855 2177 V
1891 2132 2175 2184 aptissimam

457 2227 781 2279 praecedentis
811 2226 1031 2271 carminis
1062 2227 1247 2271 efficere
1278 2227 1534 2271 clausulam
1556 2227 1757 2272 videtur.
1775 2227 2031 2280 Postquam
2048 2214 2174 2273 enim

458 2331 596 2375 poeta
638 2322 843 2375 speravit
886 2322 1090 2374 puellam
1134 2337 1266 2366 suam
1308 2321 1396 2365 sibi
1428 2337 1616 2374 semper
1646 2321 1788 2366 fidam
1819 2323 1933 2374 fore,
1977 2324 2037 2367 ad
2070 2323 2177 2368 Bas-

458 2433 562 2463 sum
610 2418 887 2463 revertitur:
943 2426 988 2461 at
1034 2425 1098 2469 tu,
1146 2417 1322 2469 invide,
1369 2417 1533 2461 desine
1580 2417 1740 2462 conari
1789 2432 1875 2462 nos
1922 2417 2045 2462 inter
2090 2433 2176 2463 nos

457 2528 701 2566 separare:
733 2513 903 2558 eodem
933 2512 1035 2557 fere
1067 2513 1208 2556 mode
1240 2512 1386 2565 elegia
1417 2511 1442 2555 7
1475 2526 1544 2556 vs.
1584 2511 1641 2556 25
1681 2511 1821 2556 huius
1861 2511 1968 2556 libri
2008 2513 2177 2565 repetit

456 2610 557 2654 aliis
597 2608 770 2661 verbis,
809 2623 930 2661 quae
976 2617 1112 2652 antea
1157 2607 1249 2651 iam
1291 2607 1421 2651 dixit.
1463 2605 1553 2658 Sic,
1591 2621 1713 2658 quae
1737 2606 1880 2651 modo
1907 2607 2178 2653 coniectura

457 2713 569 2755 erat,
600 2704 682 2749 vix
714 2704 805 2748 iam
837 2703 1155 2747 coniecturam
1189 2702 1347 2746 dicere
1385 2716 1648 2754 possumus.
1688 2701 1823 2746 Nihil
1861 2702 1988 2746 enim
2030 2711 2176 2748 trans-

456 2800 646 2852 ponitur
677 2808 723 2844 et
753 2813 959 2851 quonam
992 2813 1134 2842 versu
1167 2797 1340 2850 elegiae
1357 2797 1591 2842 finiendae
1614 2797 1718 2849 sint,
1741 2812 1838 2842 non
1860 2797 2176 2851 manuscripta

456 2904 620 2949 rogare
651 2894 903 2939 debemus:
934 2893 1081 2938 nostri
1113 2893 1204 2937 hoc
1235 2891 1412 2937 arbitrii
1444 2901 1527 2937 est.

383 3120 394 3131 .
458 3086 569 3131 Hoc
626 3100 769 3130 versu
824 3085 880 3129 L.
931 3084 1196 3129 Muellerus
1254 3081 1567 3127 Baehrensius
1610 3081 1868 3135 Postgatius
1908 3097 2004 3126 non
2045 3090 2173 3127 recte

457 3181 675 3226 codicum
736 3180 1015 3225 lectionem:
1078 3193 1246 3223 meos
1293 3176 1539 3222 sentire
1586 3176 1840 3222 furores
1886 3192 1946 3221 ex
1991 3178 2172 3223 coniec-

456 3285 561 3321 tura
607 3274 957 3320 Hemsterhusii
989 3281 1290 3318 mutaverunt
1315 3273 1362 3316 in
1395 3286 1564 3316 meae
1611 3271 1854 3316 sentire
1902 3272 2170 3316 furores.

457 3371 587 3423 Quid
638 3369 862 3423 significet
921 3383 1185 3422 pronomen
1232 3381 1399 3412 meos
1445 3367 1536 3411 hoc
1582 3380 1738 3418 versu,
1786 3380 1872 3410 nos
1918 3366 2085 3410 docet:
2133 3365 2170 3418 1,

455 3465 498 3517 6,
530 3464 617 3509 23:

2553 3642 2566 3772 -h‘A—s-...t
2564 3629 2566 3635 .
2554 3576 2566 3622 .ῠ..,
2557 3496 2566 3568 §.nn-i...
2560 3451 2566 3467 ,Α
