2566 3886
359 2604 427 2650 16.

1129 287 1396 332 -115—

472 421 662 466 excitat:
708 421 868 473 sicine,
914 421 1053 472 lente,
1099 418 1260 465 iaces?
1301 434 1396 464 non
1429 419 1538 464 ideo
1569 427 1734 472 poetae
1765 417 1979 470 patefacit
2010 417 2185 469 oculos,

472 516 584 568 quia
614 517 789 561 nudam
822 515 986 560 videre
1008 515 1110 559 vult
1124 514 1343 566 puellam,
1360 515 1443 559 sed
1461 513 1571 567 quia
1587 514 1733 558 lassus
1750 521 1832 558 est.
1850 512 2005 557 Textu
2018 511 2187 556 tradito

474 619 721 663 postquam
738 611 999 663 voluptates
1015 609 1136 654 illius
1154 609 1302 654 noctis
1319 609 1626 661 enumeravit,
1638 607 1740 654 9.10
1754 609 1929 661 optime
1941 616 2188 661 sequntur3

476 721 544 751 vs.
577 705 693 751 5—8
725 706 971 759 explicatio
1002 714 1110 750 sunt
1140 705 1280 750 huius
1310 720 1506 750 versus:

625 810 892 855 quantaque
923 801 1104 847 sublato
1134 801 1312 846 lumine
1342 800 1444 845 rixa
1473 801 1571 846 tuit.

477 898 622 943 Nunc
654 898 768 943 mihi
810 913 919 943 cum
962 897 1208 951 Risbergio
1250 911 1326 942 res
1356 905 1439 942 est.
1472 896 1518 940 Is
1548 904 1704 940 autem
1736 903 1865 947 putat
1902 910 1971 939 vs.
2005 894 2057 938 11
2091 909 2192 947 sqq.

476 1002 580 1046 post
595 1008 641 1038 v.
660 991 804 1037 1—10
819 992 991 1038 amoris
1007 993 1162 1037 calore
1177 992 1416 1037 ferventes
1432 991 1608 1044 spirare
1625 990 1937 1035 offensionem
1956 990 2192 1044 quandam

477 1098 616 1143 atque
662 1089 801 1134 etiam
848 1088 964 1133 iram
1011 1088 1059 1132 in
1106 1088 1324 1140 puellam,
1368 1087 1478 1141 quia
1519 1095 1701 1132 vestem
1739 1087 1861 1131 inter
1892 1086 2193 1131 concubitum

477 1199 655 1237 ponere
686 1199 781 1229 non
813 1184 943 1229 vult:
976 1183 1166 1237 „Atque
1197 1198 1258 1228 ne
1289 1182 1488 1235 amplius
1517 1182 1799 1234 dubitemus,
1816 1181 2045 1226 succurrit
2061 1181 2196 1225 nobis

438 1309 447 1318 ·
478 1296 523 1326 v.
556 1279 583 1325 5
614 1277 749 1338 (nam
782 1280 924 1325 modo
956 1279 1141 1324 nudatis
1173 1294 1360 1324 mecum
1392 1287 1461 1323 est
1492 1279 1662 1323 luctata
1693 1275 1915 1335 papillis),
1960 1277 2035 1322 cui
2068 1292 2196 1330 pror-

479 1389 557 1420 sus
588 1383 814 1428 repugnat
845 1383 939 1419 tota
970 1375 1085 1420 haec
1119 1374 1269 1427 parS.”

479 1468 586 1522 Sed,
619 1485 648 1515 o
680 1470 819 1522 bone,
851 1471 951 1523 lege
983 1470 1097 1514 mihi
1128 1478 1403 1523 sequentem
1436 1484 1652 1514 versum:

629 1564 864 1610 interdum
895 1565 1053 1610 tunica
1080 1565 1212 1610 duxit
1243 1573 1405 1617 operta
1435 1580 1630 1610 moram.

480 1659 610 1711 Quid
657 1658 830 1713 igitur?
877 1659 1037 1713 Elegia
1068 1659 1301 1712 Propertii
1333 1675 1428 1704 non
1461 1668 1531 1704 est
1562 1675 1681 1712 opus
1713 1660 1813 1705 eius
1845 1660 1925 1713 qui
1958 1661 2196 1710 historiam

481 1753 654 1806 scribit,
701 1763 751 1799 ut
798 1753 1066 1805 Hartman¹)
1113 1754 1345 1799 observat.
1394 1755 1477 1799 Est
1523 1755 1649 1799 enim
1697 1770 1887 1800 carmen
1920 1755 2118 1808 lyricum
2152 1756 2198 1800 in

480 1862 576 1901 quo
619 1850 762 1894 modo
808 1849 943 1894 nobis
974 1849 1149 1903 aliquid
1183 1859 1338 1894 narrat
1369 1859 1520 1902 poeta,
1553 1851 1696 1895 modo
1728 1859 1934 1895 mentem
1967 1851 2015 1895 in
2046 1851 2201 1904 aliqua

482 1958 535 1988 re
566 1943 735 1997 defigit,
768 1945 911 1989 modo
942 1945 1110 1998 gaudio
1141 1946 1351 1997 exsultat,
1384 1945 1619 1990 interdum
1652 1946 1793 1999 gemit
1814 1955 1892 1991 aut
1908 1947 2200 1992 lamentatur.

488 2037 584 2089 Qui
628 2039 723 2083 suis
766 2040 1022 2085 audacibus
1065 2040 1502 2092 transpositionibus
1547 2056 1606 2085 ex
1654 2041 1902 2094 Propertio
1957 2042 2200 2087 Tibullum

486 2133 639 2179 facere
671 2135 849 2187 volunt,
882 2144 1091 2188 peccant,
1124 2144 1320 2188 peccant
1352 2144 1514 2180 contra
1537 2151 1698 2180 manes
1715 2136 1989 2182 immortalis
2010 2146 2200 2190 poetae:

487 2227 784 2280 Propertium
817 2231 943 2275 enim
977 2230 1223 2283 Propertio
1254 2230 1473 2283 eripiunt.
1507 2230 1666 2283 Nunc,
1699 2246 1852 2284 spero,
1890 2231 2200 2285 intelligimus,

487 2324 728 2375 quomodo
744 2324 835 2377 fiat,
853 2334 903 2369 ut
917 2334 1067 2378 poeta,
1082 2334 1329 2379 postquam
1344 2340 1449 2370 suas
1463 2325 1598 2370 nobis
1613 2327 1875 2379 voluptates
1889 2329 2201 2382 descripserit,

485 2418 544 2462 ad
582 2433 747 2463 versus
789 2419 913 2471 llsq.
946 2420 1142 2465 transire
1174 2421 1331 2473 possit.

489 2607 750 2653 Videamus
781 2624 908 2654 nunc
939 2611 1000 2654 de
1031 2611 1208 2663 aliquot
1238 2612 1453 2657 versibus
1485 2613 1834 2665 difficilioribus,

491 2701 712 2747 Nudae
745 2701 788 2761 ²)
831 2704 1065 2749 immerito
1107 2721 1134 2750 a
1174 2706 1288 2751 viris
1320 2707 1468 2752 doctis
1499 2707 1688 2752 Palmer
1719 2708 1959 2752 Baehrens
1991 2709 2205 2762 Postgate

490 2805 762 2848 corruptum
794 2797 1006 2843 habetur.
1039 2798 1209 2851 „Oculi
1242 2809 1349 2845 sunt
1380 2802 1427 2846 in
1459 2817 1620 2847 amore
1651 2803 1840 2854 duces’',
1873 2803 2024 2855 inquit
2055 2812 2205 2855 poeta.

491 2889 786 2943 Argumento
833 2892 876 2937 ei
922 2902 993 2938 est
1038 2895 1166 2946 quod
1220 2895 1351 2940 Paris
1398 2896 1601 2948 incaluit,
1648 2912 1757 2941 cum
1805 2899 1980 2942 nudam
2023 2898 2207 2943 videret

494 2983 745 3037 Helenam,
777 2987 1000 3039 quodque
1034 2988 1304 3041 Eudymion
1337 2989 1538 3035 Selenen
1565 2992 1720 3036 nudus
1737 2991 1958 3036 incendit.
1977 2991 2207 3037 Concedo

494 3078 607 3123 viris
644 3080 791 3124 doctis
829 3096 971 3126 versu
1012 3081 1066 3126 15
1105 3098 1182 3127 nu
1198 3084 1273 3127 du
1289 3098 1310 3127 s
1349 3084 1501 3136 primo
1539 3085 1644 3129 loco
1679 3087 1786 3131 satis
1817 3101 1920 3131 esse
1951 3096 2116 3139 poetae
2148 3089 2207 3132 ad

495 3174 771 3219 sententiam
803 3175 1109 3228 probandam,
1141 3178 1223 3222 sed
1256 3178 1405 3222 maius
1436 3179 1575 3223 etiam
1608 3181 1794 3232 pondus
1818 3182 1993 3226 addere
2013 3182 2208 3235 cupiens

413 3282 441 3328 ¹)
492 3283 527 3321 ls
553 3289 598 3322 de
625 3288 823 3323 Fonteinio
851 3289 990 3324 17-22
1015 3291 1161 3325 delente
1187 3299 1358 3326 annotat:
1385 3292 1463 3333 „Ja,
1490 3293 1544 3326 als
1570 3294 1681 3327 zoo’n
1695 3295 1812 3335 elegie
1826 3306 1898 3329 van
1913 3295 2125 3335 Propertius
2140 3307 2209 3330 een

364 3346 508 3387 veralag
533 3358 609 3380 was
635 3358 707 3382 van
731 3348 953 3383 historincbe
978 3350 1128 3384 {eiten”.

412 3400 442 3446 ²)
494 3405 759 3441 Baehrensiusx
784 3418 804 3441 c
814 3418 837 3441 u
848 3419 870 3447 p
879 3408 891 3441 i
900 3410 922 3442 d
933 3420 954 3443 a
963 3420 983 3443 e
998 3420 1007 3450 ς
1033 3409 1081 3443 Α.
1108 3409 1270 3444 Palmer:
1297 3422 1319 3443 n
1331 3410 1366 3444 it
1374 3411 1386 3445 i
1395 3412 1417 3444 d
1428 3422 1449 3444 a
1459 3421 1479 3444 c
1492 3422 1501 3452 ;
1531 3411 1717 3455 Rossberg
1740 3409 1866 3457 (Neue
1885 3413 2010 3448 Jahrb.
2026 3414 2209 3448 Fleckeis-

369 3461 471 3503 188³,
498 3475 531 3503 p.
558 3461 640 3507 71):
677 3467 840 3501 nudun.
