2566 3886
1112 247 1379 293 —120—

452 381 611 426 would
643 379 800 433 iustify
831 395 920 425 our
949 379 1187 433 following
1216 380 1296 424 the
1327 379 1537 424 eminent
1568 379 1764 425 Latinist
1795 395 1856 425 on
1874 381 1988 426 such
2005 381 2166 434 aperi·

452 477 554 521 lous
571 476 725 529 path'’.
744 474 1116 520 Consideremus
1134 474 1269 528 igitur
1285 474 1489 528 singulos
1508 475 1636 519 locos
1652 490 1679 519 a
1694 474 1915 520 Vahleno
1928 475 2165 521 collectos:

453 571 594 624 Prop.
627 571 689 623 II,
722 570 793 622 20,
826 570 882 615 27

603 682 711 712 cum
744 675 789 712 te
821 675 913 711 tam
947 666 1078 711 multi
1110 673 1335 719 peterent,
1368 674 1417 710 tu
1449 680 1526 710 me
1557 680 1673 710 una
1703 665 1879 718 petisti:

722 777 912 815 possum
946 770 1032 815 ego
1064 769 1257 806 naturae
1289 776 1384 805 non
1417 760 1687 805 meminisse
1719 759 1865 805 tuae?

453 857 550 903 Hic
594 872 680 910 pro
721 872 839 902 una
880 872 1074 902 unum
1118 853 1221 914 (me
1265 871 1412 901 unum
1457 870 1516 900 ex
1559 864 1652 901 tam
1695 853 1878 914 multis)
1908 858 2166 910 exspectari

450 961 580 1005 putat
605 952 875 1004 Vahlenus;
908 953 991 996 sed
1023 952 1191 997 melius
1223 951 1505 1005 Postgatius=
1538 960 1615 1003 „to
1652 952 1760 996 take
1803 967 1892 996 me
1935 967 2054 997 una
2092 953 2167 998 for

451 1063 539 1093 me
571 1063 754 1093 unum
787 1047 825 1092 is
844 1056 891 1092 to
915 1048 1104 1099 destroy
1121 1048 1200 1092 the
1216 1047 1348 1100 point
1378 1046 1433 1091 of
1443 1047 1522 1091 the
1545 1054 1762 1098 contrast‚
1793 1047 1956 1092 whose
1987 1046 2167 1102 subiect

451 1143 489 1187 is
520 1143 599 1188 the
631 1143 857 1188 kindness
888 1143 943 1188 of
969 1142 1190 1195 Cynthia,
1222 1151 1303 1188 not
1334 1143 1414 1188 the
1435 1144 1555 1196 good
1571 1143 1759 1188 fortune
1782 1143 1829 1188 of
1851 1142 2166 1196 Propertius.’'

449 1333 590 1386 Prop.
624 1333 709 1385 IV,
741 1332 783 1385 9,
816 1332 896 1377 59:
930 1333 977 1377 di
1009 1333 1092 1378 tibi
1125 1334 1238 1378 dent
1268 1334 1382 1379 alios
1413 1334 1591 1379 fontes:
1624 1335 1741 1380 haec
1773 1335 1966 1388 lympha
1996 1334 2164 1387 puellis

1015 1429 1121 1474 avia
1151 1429 1318 1474 secreti
1350 1430 1522 1474 liminis
1554 1446 1585 1475 u
1599 1446 1630 1475 n
1645 1445 1672 1475 a
1701 1430 1801 1475 fluit

445 1525 691 1570 Vahlenus
738 1525 953 1569 adnotat:
1001 1525 1160 1577 „nicht
1202 1526 1232 1569 d
1247 1526 1262 1570 i
1275 1541 1302 1570 e
1316 1540 1337 1570 s
1351 1541 1378 1570 e
1426 1526 1471 1578 Q
1487 1542 1517 1571 u
1531 1526 1655 1571 elle
1699 1526 1823 1571 alle
1839 1526 1912 1578 in,
1956 1527 2163 1572 sondern

444 1620 621 1665 diese
664 1619 895 1671 Quelle
926 1620 1143 1665 fliesst
1189 1621 1386 1665 allein
1432 1622 1531 1666 fiir
1575 1621 2030 1675 Jungfrauen”;
2078 1623 2162 1667 sed

447 1730 640 1768 prorsus
679 1731 774 1760 non
813 1716 1129 1761 necessarium
1167 1716 1226 1760 ad
1265 1717 1404 1761 talem
1437 1716 1705 1762 versionem
1737 1717 2014 1771 confugere:
2046 1718 2164 1763 haec

446 1812 572 1856 enim
591 1826 756 1856 versus
773 1812 1022 1856 sententia:
1055 1813 1207 1856 haec
1238 1812 1638 1864 potissimum
1666 1814 1909 1866 lympha
1936 1814 2163 1867 puellis

443 1923 471 1952 a
484 1908 514 1952 d
527 1908 558 1952 h
573 1907 586 1952 i
602 1907 632 1951 b
646 1922 673 1952 e
687 1923 718 1952 n
733 1908 763 1952 d
778 1923 805 1952 a
835 1908 926 1952 flu
941 1907 999 1960 it,
1032 1923 1188 1960 neque
1213 1916 1295 1960 est,
1313 1923 1398 1952 cur
1414 1923 1510 1953 non
1527 1923 1636 1952 cum
1654 1882 1887 1962 Postgatio
1902 1918 2161 1956 vertamus:

444 2003 657 2055 „other
688 2002 869 2056 springs
901 2003 973 2047 for
1003 2018 1112 2055 you,
1144 2003 1235 2047 this
1267 2018 1382 2048 one
1413 2003 1488 2048 for
1507 1988 1762 2049 maidens''.
1795 2004 1990 2050 Frustra
2005 2013 2160 2050 autem

446 2099 610 2143 unda
640 2098 841 2144 coniecit
873 2098 1181 2144 Housmanus
1213 2096 1356 2156 (JPh.
1388 2098 1524 2151 XVI,
1557 2114 1601 2152 p.
1636 2097 1731 2157 15).

443 2289 584 2342 Prop.
618 2289 704 2341 III,
737 2289 778 2333 7.
811 2289 892 2334 42:
927 2289 1171 2334 Paullatim
1205 2289 1385 2335 socium
1417 2290 1641 2335 iacturam
1674 2290 1804 2335 flevit
1835 2290 2017 2343 Ulixes,

982 2385 1029 2429 in
1062 2400 1191 2429 mare
1222 2385 1298 2430 cui
1330 2385 1451 2430 soli
1483 2401 1578 2430 non
1611 2386 1802 2431 valuere
1833 2387 1928 2431 doli

444 2482 527 2527 sed
570 2496 725 2534 neque
767 2480 843 2525 hic
885 2481 1015 2526 locus
1056 2481 1308 2533 quicquam
1356 2481 1560 2533 prodest,
1602 2495 1710 2526 cum
1752 2482 1846 2526 leni
1893 2482 2162 2529 coniectura

442 2576 671 2621 sententia
691 2576 739 2620 in
761 2575 992 2629 integrum
1016 2575 1194 2620 restitui
1218 2576 1381 2628 possit;
1413 2584 1491 2620 aut
1522 2576 1648 2621 enim
1680 2591 1767 2629 pro
1798 2577 1918 2622 soli
1950 2579 2160 2625 solum

444 2672 747 2717 scribendum
780 2679 862 2724 est,
895 2679 986 2723 aut,
1019 2687 1079 2716 ne
1111 2671 1241 2716 doli
1274 2686 1359 2716 suo
1376 2680 1531 2716 careat
1549 2672 1781 2725 epitheto:
1813 2673 2006 2725 soliti,
2038 2688 2159 2726 quae

444 2783 476 2821 p
490 2783 517 2813 a
531 2769 545 2813 l
559 2783 587 2813 a
600 2783 627 2813 e
641 2783 670 2813 o
683 2776 710 2821 g
724 2783 748 2812 r
762 2783 789 2812 a
802 2782 833 2820 p
846 2768 878 2812 h
893 2768 946 2812 ic
961 2783 988 2813 e
1025 2766 1312 2820 probabilior
1343 2767 1622 2812 emendatio.

439 2957 533 3003 Ov.
547 2957 666 3003 Met.
681 2956 818 3010 XIII,
832 2956 914 3002 751
931 2956 1048 3002 Acis
1062 2966 1174 3009 erat,
1190 2957 1357 3003 Fauno
1370 2958 1672 3011 nymphaque
1682 2957 1982 3011 Symaethide
1989 2968 2158 3013 cretus,

931 3062 1097 3107 magna
1109 3053 1302 3106 quidem
1319 3053 1556 3107 patrisque
1573 3054 1644 3099 sui
1661 3054 1914 3107 matrisque
1931 3055 2159 3108 voluptas,

930 3157 1088 3194 nostra
1103 3157 1259 3194 tamen
1277 3150 1449 3194 maior:
1467 3165 1576 3195 nam
1594 3165 1670 3195 me
1687 3150 1774 3195 sibi
1798 3150 2012 3196 iunxerat
2038 3166 2069 3196 u
2084 3151 2158 3196 ni.

443 3243 537 3290 Sed
576 3244 690 3297 quid
722 3244 887 3295 obstat,
920 3244 1173 3297 quominus
1205 3260 1313 3290 cum
1345 3245 1450 3290 viro
1481 3245 1751 3291 doctissimo
1783 3246 1986 3299 Magnus
2002 3246 2157 3291 locum

442 3340 508 3385 sic
562 3341 948 3393 interpretemur:
1006 3341 1162 3392 „denn
1219 3356 1245 3386 e
1259 3356 1283 3385 r
1335 3341 1459 3386 alle
1474 3341 1533 3386 in
1590 3342 1714 3386 hatte
1767 3356 1818 3386 es
1874 3342 2156 3387 verstanden

442 3435 598 3483 meine
631 3435 780 3482 Liebe
811 3450 872 3481 zu
904 3428 1196 3491 gev's'rinnen’u
