2566 3886
1122 256 1360 302 -28-

447 394 526 430 aut
557 385 648 430 iam
681 394 934 438 provectae
965 395 1087 439 sunt,
1119 388 1202 431 sed
1323 388 1439 440 quid
1471 403 1598 433 nunc
1630 391 1983 443 supplendum?
2010 393 2165 438 subito

449 481 578 525 venti
610 481 873 533 subsidunt,
905 482 1144 527 nimirum.

449 575 586 627 Quae
614 577 651 621 si
680 577 984 630 probabiliter
1010 578 1258 631 disputavi,
1287 594 1453 625 versus
1479 580 1654 626 13—16
1682 581 1745 626 ita
1772 582 2008 628 scribendi
2036 593 2167 629 sunt:

568 681 671 716 aut
711 681 797 725 ego
829 681 927 717 tum
959 673 1147 719 videam
1191 675 1422 720 tacitos
1466 677 1710 722 subsidere
1741 687 1922 730 ventos,

687 783 796 813 cum
828 768 910 813 tibi
942 778 1187 822 provectas
1218 770 1398 815 auferet
1428 772 1556 816 unda
1586 781 1721 825 rates,

569 873 615 909 et
646 879 723 909 me
754 864 962 910 defixum
996 880 1146 910 vacua
1176 866 1409 919 patiantur
1440 868 1487 912 in
1520 883 1602 913 ora

688 960 930 1004 crudelem
962 960 1127 1005 infesta
1157 976 1297 1014 saepe
1328 977 1500 1007 vocare
1531 978 1688 1009 manu.

450 1054 709 1100 Tacitos
767 1055 1038 1100 defenditur
1106 1055 1199 1101 Ov.
1268 1055 1395 1102 Trist
1463 1057 1524 1109 ΙΙ,
1594 1058 1692 1111 151,
1755 1059 1836 1104 ubi
1897 1060 1957 1104 de
2018 1059 2172 1105 ventis

452 1151 647 1196 dicitur:

570 1248 653 1292 sed
686 1248 830 1292 modo
861 1247 1111 1293 subsidunt
1141 1248 1488 1302 intermissique
1520 1250 1755 1296 silescunt.

452 1342 541 1387 Vir
578 1344 635 1387 cl.
675 1342 909 1388 Hartman
941 1341 1045 1401 (De
1078 1344 1246 1389 Horat.
1278 1354 1416 1398 poeta
1447 1361 1491 1398 p.
1527 1344 1638 1404 145)
1669 1361 1756 1399 pro
1794 1348 1929 1392 tales
1966 1347 2173 1392 faciles

453 1439 766 1490 commendat,
798 1439 927 1491 quod
959 1454 1110 1492 aeque
1142 1440 1306 1492 placet.

321 1617 509 1663 19—20.
631 1617 724 1663 Sed
756 1634 1059 1671 quocumque
1091 1620 1234 1665 modo
1265 1621 1326 1665 de
1358 1636 1449 1673 me,
1482 1621 1684 1674 periura,
1717 1623 1927 1675 mereris,

713 1715 770 1760 sit
802 1715 998 1761 Galatea
1028 1725 1135 1761 tuae
1167 1732 1263 1762 non
1295 1717 1448 1762 aliena
1478 1717 1606 1774 viaeJ:

625 1819 675 1855 ut
706 1820 766 1863 te,
797 1811 934 1864 felici,
966 1821 1218 1864 praevecta
1249 1812 1489 1858 Ceraunia
1519 1829 1667 1866 remo,

717 1907 914 1959 accipiat
944 1908 1138 1960 placidis
1171 1907 1342 1954 Oricos
1374 1909 1673 1962 aequoribus.

454 2002 530 2048 Sic
571 2003 766 2057 legimus
798 2003 845 2048 in
879 2003 928 2048 N
962 2003 1009 2048 A
1042 2003 1109 2056 F;
1141 2005 1225 2049 sed
1256 2004 1457 2057 quisque
1488 2020 1630 2050 versu
1662 2005 1716 2050 21
1751 2021 1837 2058 pro
1880 2013 2178 2059 praevecta

454 2099 773 2144 accusativum
805 2099 1117 2152 exspectabit;
1150 2100 1231 2152 qui
1270 2109 1567 2152 praevecta
1597 2115 1684 2153 pro
1715 2101 1932 2146 vocativo
1963 2101 2176 2154 accipere

455 2195 635 2246 volunt,
668 2203 941 2247 comparant
973 2195 1009 2247 I,
1045 2195 1114 2247 11,
1146 2195 1175 2240 9

573 2299 714 2343 atque
745 2290 923 2335 utinam
955 2299 1087 2344 mage
1118 2299 1178 2343 te,
1210 2291 1352 2335 remis
1383 2291 1559 2336 confisa
1589 2292 1793 2344 minutis,

694 2386 891 2438 parvula
922 2386 1129 2430 Lucrina
1159 2386 1331 2431 cumba
1362 2396 1571 2432 moretur
1602 2403 1736 2440 aqua,

456 2482 539 2526 sed
584 2489 710 2526 recte
753 2481 955 2533 Paleyus
985 2481 1230 2525 contendit
1260 2482 1505 2526 confisa
1547 2483 1606 2527 ad
1637 2482 1916 2528 vocabulem
1959 2484 2177 2529 cumba

456 2576 707 2629 pertinere.

458 2672 658 2717 Prorsus
690 2687 785 2717 non
818 2673 1021 2717 conferri
1053 2682 1246 2726 possunt
1276 2675 1505 2727 exempla,
1537 2675 1692 2727 qualia
1723 2684 1854 2720 sunt:

455 2767 644 2813 Persius
674 2768 737 2820 V,
772 2768 882 2813 124:
944 2770 1072 2814 unde
1103 2770 1263 2814 datum
1296 2771 1386 2815 hoc
1418 2770 1576 2822 sumis,
1608 2779 1674 2815 tot
1705 2770 1890 2815 subdite
1921 2770 2063 2815 rebus

705 2865 742 2916 Ι,
777 2864 886 2909 123:
1281 2866 1447 2910 audaci
1479 2866 1766 2918 quicumque
1798 2865 1946 2911 afflate
1978 2865 2175 2911 Cratino

944 2961 1112 3005 iratum
1128 2961 1410 3013 Eupolidem
1442 2962 1717 3014 praegrandi
1748 2977 1856 3006 cum
1888 2977 2000 3007 sene
2031 2962 2176 3014 palles

652 3056 738 3108 ΙΙΙ,
801 3056 885 3101 29:
947 3055 1199 3101 Stemmate
1230 3058 1359 3109 quod
1391 3055 1548 3102 Tusco
1576 3072 1759 3102 ramum
1789 3057 2017 3102 milesime
2042 3055 2175 3101 ducis

944 3167 1253 3197 censoremve
1297 3160 1429 3196 tuum
1468 3153 1545 3197 vel
1583 3152 1710 3204 quod
1749 3152 1954 3196 trabeate
1991 3152 2173 3196 salutas.

458 3248 564 3292 Tib.
598 3248 635 3299 Ι,
667 3248 708 3300 7,
741 3247 822 3292 53:
884 3248 950 3292 sic
982 3247 1144 3292 venias
1175 3247 1403 3292 hodierne

460 3345 648 3389 Lucret.
681 3343 743 3396 V,
774 3343 886 3388 231:
1506 3351 1685 3387 secreta
1714 3341 1895 3386 tenebis

789 3439 934 3485 litoris
967 3438 1166 3484 Euboici
1198 3439 1506 3485 memorando
1537 3437 1725 3484 condite
1757 3437 1894 3485 busto
