2566 3886
1125 234 1359 280 ,33-

454 382 829 421 componere
875 367 1002 412 idem
1047 367 1206 412 valere
1253 367 1381 419 quod
1430 365 1740 410 scribere
1788 366 2071 418 observavit,
2119 374 2166 410 et

454 462 469 507 i
501 477 741 515 quaeso
773 477 961 515 semper
991 462 1219 507 irridendi
1240 459 1278 520 ¹)
1309 461 1692 515 significationem
1724 461 1913 506 habere.

457 557 777 603 Rothsteinius
823 566 986 603 contra
1030 573 1221 603 versum
1268 572 1460 610 prorsus
1506 557 1597 602 alio
1629 558 1772 602 modo
1803 557 2023 610 explicat:
2056 555 2169 608 „mit

455 653 584 698 isto
602 668 623 698 s
669 654 757 698 lib
776 655 948 698 ellos
991 654 1097 698 sind
1140 653 1270 698 nicht
1307 653 1384 697 die
1416 652 1538 696 eben
1570 660 1835 705 genannten
1868 651 2169 703 Dichtungen

457 763 552 792 von
602 749 694 793 den
733 749 968 802 traurigen
1006 747 1308 793 Schicksalen
1341 748 1425 792 des
1456 746 1794 791 thebanischen
1827 746 2172 799 Konigshauses

456 843 597 887 selbst
643 843 858 896 gemeint,
904 843 1111 887 sondern
1157 843 1235 887 die
1280 841 1602 895 griechischen
1647 841 1937 894 Originalen,
1978 840 2055 885 die
2087 841 2174 884 der

456 938 689 983 romische
737 938 935 983 Dichter
975 953 1063 983 zur
1106 938 1378 990 poetischen
1426 937 1721 982 Produktion
1768 936 1979 981 braucht.
2028 935 2172 979 Diese

455 1031 643 1076 Biicher
670 1032 756 1076 soll
782 1031 1004 1076 Ponticus
1019 1031 1132 1085 ietzt
1147 1032 1604 1085 zusammenlegen’&
1621 1032 1702 1076 Ad
1720 1032 1841 1076 hanc
1858 1030 2174 1083 componendi

457 1126 838 1180 significationem
870 1127 1190 1172 illustrandam
1222 1128 1355 1172 citat:

458 1220 561 1266 Cic.
593 1222 702 1267 fam.
734 1221 856 1266 XVI
887 1221 964 1267 20:
997 1222 1140 1267 libros
1172 1237 1418 1276 compone.

460 1316 554 1361 Ov.
587 1316 722 1361 Pont.
756 1317 792 1361 Ι.
827 1316 866 1361 l.
890 1316 967 1360 11:
988 1317 1175 1369 quaeris
1193 1318 1273 1362 ubi
1297 1318 1383 1362 hos
1400 1318 1549 1370 possis
1566 1318 1695 1363 nullo
1712 1332 1999 1370 componere
2016 1315 2175 1361 laeso?

458 1411 614 1456 Varro
645 1412 674 1455 l.
707 1412 781 1455 lat.
813 1412 875 1455 V.
901 1410 1005 1456 182:
1026 1427 1134 1456 nam
1152 1413 1280 1465 quod
1298 1428 1423 1457 asses
1435 1413 1621 1458 librales
1638 1422 1784 1465 erant,
1800 1413 1882 1465 qui
1898 1420 2176 1465 acceperant

459 1506 685 1551 maiorem
733 1522 985 1551 numerum
1033 1523 1127 1552 non
1176 1508 1223 1552 in
1255 1523 1363 1553 arca
1394 1508 1645 1561 ponebant,
1678 1509 1761 1553 sed
1794 1508 1841 1552 in
1874 1508 2028 1560 aliqua
2059 1507 2177 1552 cella

460 1601 704 1654 stipabant,
736 1602 784 1646 id
816 1610 886 1646 est
917 1601 1276 1655 componebant,
1309 1616 1405 1654 quo
1437 1602 1593 1646 minus
1625 1602 1715 1647 loci
1747 1610 2012 1654 occuparet.

462 1695 583 1740 Hor.
615 1710 689 1748 ep.
723 1697 759 1748 1,
788 1696 827 1740 l.
847 1696 901 1740 12
918 1697 1074 1741 condo
1091 1705 1137 1741 et
1153 1711 1402 1749 compono,
1420 1712 1542 1749 quae
1561 1712 1671 1741 mox
1689 1698 1970 1749 depromere
1987 1696 2176 1749 possim.

461 1790 800 1844 Interpretatio,
809 1807 950 1844 quam
970 1791 1313 1845 Hertzbergius
1329 1801 1376 1837 et
1393 1791 1702 1845 Rossberguis
1719 1792 2046 1843 defenderunt,
2064 1791 2178 1836 mihi

461 1900 557 1930 non
604 1886 767 1939 placet,
814 1887 923 1939 quia
970 1887 1128 1932 istos
1184 1887 1445 1932 libellos
1492 1902 1587 1932 non
1633 1887 1781 1940 accipi
1827 1901 1964 1939 posse
2011 1886 2179 1931 credo:

462 1980 606 2025 libelli
638 1981 804 2033 tristes,
836 1991 886 2026 ut
918 1990 967 2027 tu
998 1997 1080 2027 eos
1111 1998 1220 2027 cum
1251 1991 1523 2036 contemptu
1555 1982 1816 2027 nominasti.

465 2075 608 2127 Quod
639 2077 699 2121 ad
731 2077 921 2121 alteram
954 2077 1383 2129 interpretationem
1415 2077 1590 2129 attinet,
1622 2092 1678 2122 ea
1709 2077 1822 2121 mihi
1840 2092 1954 2122 vera
1970 2077 2180 2128 videtur;

463 2185 523 2215 ex
559 2171 673 2216 locis
710 2180 880 2225 tamen,
918 2187 1037 2225 quos
1074 2172 1233 2217 citavit
1264 2172 1598 2224 Rothsteinius,
1630 2187 1752 2217 unus
1783 2180 1961 2217 tantum
1993 2172 2182 2224 aliquod

465 2265 748 2317 praesidium
840 2267 1068 2319 praebere
1144 2267 1355 2311 videtur:
1434 2267 1481 2311 in
1558 2267 1662 2312 loco
1738 2267 1864 2312 enim
1944 2266 2183 2312 Ovidiano

465 2359 951 2419 componendi2)
1009 2362 1210 2407 verbum
1269 2362 1544 2407 abdendi
1600 2377 1790 2407 sensum
1834 2363 1988 2414 habet,
2032 2371 2083 2406 ut
2125 2377 2184 2406 ex

467 2455 679 2500 eiusdem
711 2456 884 2510 elegiae
916 2472 1058 2501 versu
1090 2457 1117 2501 4
1149 2465 1287 2509 patet.

586 2549 632 2595 Si
665 2560 812 2604 vacat,
844 2551 1046 2604 hospitio
1077 2552 1362 2605 peregrinos,
1395 2552 1554 2604 Brute,
1586 2552 1768 2597 libellos

705 2647 884 2699 excipe,
916 2647 1127 2699 dumque
1158 2647 1329 2699 aliquo,
1361 2648 1571 2700 quolibet
1602 2648 1723 2693 abde
1755 2649 1873 2693 loco.

470 2740 690 2785 Potuerat
722 2749 877 2786 tamen
909 2742 983 2786 vir
1013 2742 1090 2787 ille
1122 2742 1416 2787 doctissimus
1448 2743 1574 2787 aliud
1600 2744 1890 2788 luculentum
1918 2743 2187 2794 exemplum

471 2835 597 2887 dare,
639 2835 677 2879 si
716 2835 1066 2881 Broukhusium
1105 2852 1242 2882 suum
1280 2838 1556 2891 evolvisset;
1595 2839 1740 2891 locus,
1779 2853 1921 2891 quem
1960 2839 2083 2890 volo,
2122 2846 2191 2882 est

474 2929 596 2974 Hor.
629 2929 789 2975 Carm.
822 2931 909 2983 IV,
943 2931 1012 2984 14,
1044 2931 1127 2976 52:

592 3032 637 3068 te
669 3026 813 3069 caede
843 3027 1097 3078 gaudentes
1129 3026 1373 3080 Sygambri

711 3134 737 3162 c
751 3133 780 3163 o
793 3134 840 3163 m
854 3135 886 3172 p
899 3134 928 3163 o
942 3120 1087 3165 sitis
1129 3130 1416 3166 venerantur
1446 3122 1601 3173 armis,

392 3268 423 3314 ¹)
472 3275 568 3313 quod
596 3279 696 3307 recte
723 3280 830 3315 negat
857 3274 951 3308 Otto
978 3271 1159 3317 (Hermen
1185 3276 1242 3317 23,
1268 3288 1302 3316 p.
1328 3273 1391 3319 24)
1418 3277 1463 3310 cf.
1490 3277 1541 3317 111,
1568 3278 1600 3310 4.
1629 3277 1683 3317 10,
1710 3277 1762 3317 lll,
1789 3277 1846 3317 23,
1875 3276 1931 3310 23.

391 3338 422 3385 ²)
471 3342 611 3383 sperno
654 3345 765 3386 igitur
807 3346 1057 3380 coniecturas:
1102 3358 1282 3387 sepone
1323 3343 1548 3390 (Heinsius),
1595 3358 1850 3387 compesce
1898 3343 2192 3390 (Baebi-ennius),

350 3414 586 3448 combure
617 3411 887 3458 (Cornelissen,
914 3416 995 3451 Mn.
1021 3417 1071 3451 N.
1097 3417 1132 3458 S,
1161 3414 1280 3459 1879),
1306 3419 1328 3451 d
1345 3428 1365 3451 e
1381 3429 1403 3457 p
1420 3429 1514 3452 one
1541 3414 1646 3461 (edit.
1673 3418 1826 3458 priscae,
1854 3414 2027 3460 Palmer).

2071 3485 2095 3522 3
