<?xml version="1.0" encoding="UTF-8"?>
<!DOCTYPE html PUBLIC "-//W3C//DTD XHTML 1.0 Transitional//EN"
    "http://www.w3.org/TR/xhtml1/DTD/xhtml1-transitional.dtd">
<html xmlns="http://www.w3.org/1999/xhtml" xml:lang="en" lang="en">
 <head>
  <title>
</title>
<meta http-equiv="Content-Type" content="text/html;charset=utf-8" />
  <meta name='ocr-system' content='tesseract 3.04.00' />
  <meta name='ocr-capabilities' content='ocr_page ocr_carea ocr_par ocr_line ocrx_word'/>
</head>
<body>
  <div class='ocr_page' id='page_1' title='image "./adpropertiicarmi00enkpuoft_0276.png"; bbox 0 0 2566 3886; ppageno 0'>
   <div class='ocr_carea' id='block_1_1' title="bbox 343 735 412 781">
    <p class='ocr_par' dir='ltr' id='par_1_1' title="bbox 343 735 412 781">
     <span class='ocr_line' id='line_1_1' title="bbox 343 735 412 781; baseline 0 0"><span class='ocrx_word' id='word_1_1' title='bbox 343 735 412 781; x_wconf 91' lang='grc'><strong>13.</strong></span> 
     </span>
    </p>
   </div>
   <div class='ocr_carea' id='block_1_2' title="bbox 338 3246 408 3291">
    <p class='ocr_par' dir='ltr' id='par_1_2' title="bbox 338 3246 408 3291">
     <span class='ocr_line' id='line_1_2' title="bbox 338 3246 408 3291; baseline -0.014 0"><span class='ocrx_word' id='word_1_2' title='bbox 338 3246 408 3291; x_wconf 88' lang='grc'><strong>29.</strong></span> 
     </span>
    </p>
   </div>
   <div class='ocr_carea' id='block_1_3' title="bbox 476 403 2192 554">
    <p class='ocr_par' dir='ltr' id='par_1_3' title="bbox 476 403 2192 554">
     <span class='ocr_line' id='line_1_3' title="bbox 476 403 2192 464; baseline 0.003 -16"><span class='ocrx_word' id='word_1_3' title='bbox 476 404 721 457; x_wconf 77' lang='lat' dir='ltr'><strong>explicavi.</strong></span> <span class='ocrx_word' id='word_1_4' title='bbox 755 404 920 450; x_wconf 91' lang='lat' dir='ltr'><strong>Reicio</strong></span> <span class='ocrx_word' id='word_1_5' title='bbox 951 406 1092 459; x_wconf 79' lang='lat' dir='ltr'><strong>igitur</strong></span> <span class='ocrx_word' id='word_1_6' title='bbox 1123 405 1268 458; x_wconf 89' lang='lat' dir='ltr'><strong>ipsius</strong></span> <span class='ocrx_word' id='word_1_7' title='bbox 1300 405 1489 451; x_wconf 88' lang='lat' dir='ltr'><strong>Ottonis</strong></span> <span class='ocrx_word' id='word_1_8' title='bbox 1513 403 1555 464; x_wconf 84' lang='lat'><strong>¹)</strong></span> <span class='ocrx_word' id='word_1_9' title='bbox 1581 407 2001 460; x_wconf 77' lang='lat' dir='ltr'><strong>transpositionem,</strong></span> <span class='ocrx_word' id='word_1_10' title='bbox 2023 409 2105 462; x_wconf 91' lang='lat' dir='ltr'><strong>qui</strong></span> <span class='ocrx_word' id='word_1_11' title='bbox 2122 407 2192 454; x_wconf 81' lang='lat'><strong>45.</strong></span> 
     </span>
     <span class='ocr_line' id='line_1_4' title="bbox 476 498 1866 554; baseline 0.002 -10"><span class='ocrx_word' id='word_1_12' title='bbox 476 498 535 544; x_wconf 84' lang='lat'><strong>46</strong></span> <span class='ocrx_word' id='word_1_13' title='bbox 566 508 669 552; x_wconf 90' lang='lat' dir='ltr'><strong>post</strong></span> <span class='ocrx_word' id='word_1_14' title='bbox 700 514 891 545; x_wconf 90' lang='lat' dir='ltr'><strong>versum</strong></span> <span class='ocrx_word' id='word_1_15' title='bbox 923 499 951 545; x_wconf 92' lang='lat'>2</span> <span class='ocrx_word' id='word_1_16' title='bbox 983 509 1290 553; x_wconf 78' lang='lat' dir='ltr'><strong>transponere</strong></span> <span class='ocrx_word' id='word_1_17' title='bbox 1321 501 1435 553; x_wconf 87' lang='lat' dir='ltr'><strong>vult,</strong></span> <span class='ocrx_word' id='word_1_18' title='bbox 1468 499 1539 545; x_wconf 85' lang='grc'><strong>43.</strong></span> <span class='ocrx_word' id='word_1_19' title='bbox 1571 501 1628 546; x_wconf 90' lang='lat'><strong>44</strong></span> <span class='ocrx_word' id='word_1_20' title='bbox 1660 510 1764 554; x_wconf 92' lang='lat' dir='ltr'><strong>post</strong></span> <span class='ocrx_word' id='word_1_21' title='bbox 1798 501 1866 547; x_wconf 91' lang='lat'><strong>10.</strong></span> 
     </span>
    </p>
   </div>
   <div class='ocr_carea' id='block_1_4' title="bbox 475 618 2189 674">
    <p class='ocr_par' dir='ltr' id='par_1_4' title="bbox 475 618 2189 674">
     <span class='ocr_line' id='line_1_5' title="bbox 475 618 2189 674; baseline 0.002 -11"><span class='ocrx_word' id='word_1_22' title='bbox 475 618 570 664; x_wconf 91' lang='lat' dir='ltr'><strong>Pro</strong></span> <span class='ocrx_word' id='word_1_23' title='bbox 595 634 627 663; x_wconf 91' lang='lat' dir='ltr'><strong>v</strong></span> <span class='ocrx_word' id='word_1_24' title='bbox 640 634 667 664; x_wconf 90' lang='lat' dir='ltr'><strong>e</strong></span> <span class='ocrx_word' id='word_1_25' title='bbox 684 634 708 663; x_wconf 91' lang='lat' dir='ltr'><strong>r</strong></span> <span class='ocrx_word' id='word_1_26' title='bbox 723 634 752 664; x_wconf 93' lang='lat' dir='ltr'><strong>o</strong></span> <span class='ocrx_word' id='word_1_27' title='bbox 778 635 886 664; x_wconf 92' lang='lat' dir='ltr'><strong>cum</strong></span> <span class='ocrx_word' id='word_1_28' title='bbox 904 619 1008 665; x_wconf 92' lang='lat' dir='ltr'><strong>viro</strong></span> <span class='ocrx_word' id='word_1_29' title='bbox 1025 620 1164 665; x_wconf 90' lang='lat' dir='ltr'><strong>docto</strong></span> <span class='ocrx_word' id='word_1_30' title='bbox 1183 619 1240 664; x_wconf 93' lang='lat' dir='ltr'><strong>R.</strong></span> <span class='ocrx_word' id='word_1_31' title='bbox 1260 619 1418 665; x_wconf 88' lang='lat' dir='ltr'><strong>Franz</strong></span> <span class='ocrx_word' id='word_1_32' title='bbox 1434 620 1626 666; x_wconf 86' lang='lat' dir='ltr'><strong>restituo</strong></span> <span class='ocrx_word' id='word_1_33' title='bbox 1651 636 1683 665; x_wconf 92' lang='lat' dir='ltr'><strong>v</strong></span> <span class='ocrx_word' id='word_1_34' title='bbox 1700 636 1727 665; x_wconf 94' lang='lat' dir='ltr'><strong>a</strong></span> <span class='ocrx_word' id='word_1_35' title='bbox 1743 636 1774 665; x_wconf 95' lang='lat' dir='ltr'><strong>n</strong></span> <span class='ocrx_word' id='word_1_36' title='bbox 1791 635 1834 673; x_wconf 92' lang='grc' dir='ltr'><strong>ο,</strong></span> <span class='ocrx_word' id='word_1_37' title='bbox 1848 621 1907 666; x_wconf 82' lang='lat' dir='ltr'><strong>cf.</strong></span> <span class='ocrx_word' id='word_1_38' title='bbox 1927 621 2013 674; x_wconf 91' lang='lat'>111,</span> <span class='ocrx_word' id='word_1_39' title='bbox 2033 620 2101 674; x_wconf 88' lang='grc'><strong>13,</strong></span> <span class='ocrx_word' id='word_1_40' title='bbox 2119 620 2189 666; x_wconf 92' lang='grc'><strong>59.</strong></span> 
     </span>
    </p>
   </div>
   <div class='ocr_carea' id='block_1_5' title="bbox 465 737 2192 3183">
    <p class='ocr_par' dir='ltr' id='par_1_5' title="bbox 471 737 2192 1371">
     <span class='ocr_line' id='line_1_6' title="bbox 473 737 1575 792; baseline 0 -9"><span class='ocrx_word' id='word_1_41' title='bbox 473 737 522 782; x_wconf 89' lang='grc' dir='ltr'>Α</span> <span class='ocrx_word' id='word_1_42' title='bbox 553 738 771 791; x_wconf 90' lang='lat' dir='ltr'><strong>quotiens</strong></span> <span class='ocrx_word' id='word_1_43' title='bbox 802 738 1024 791; x_wconf 91' lang='lat' dir='ltr'><strong>pulchros</strong></span> <span class='ocrx_word' id='word_1_44' title='bbox 1055 739 1171 784; x_wconf 92' lang='lat' dir='ltr'><strong>ussit</strong></span> <span class='ocrx_word' id='word_1_45' title='bbox 1200 739 1360 792; x_wconf 82' lang='lat' dir='ltr'><strong>regina</strong></span> <span class='ocrx_word' id='word_1_46' title='bbox 1383 739 1575 791; x_wconf 82' lang='lat' dir='ltr'><strong>capillos</strong></span> 
     </span>
     <span class='ocr_line' id='line_1_7' title="bbox 476 833 2192 889; baseline 0.002 -11"><span class='ocrx_word' id='word_1_47' title='bbox 476 833 887 879; x_wconf 87' lang='lat' dir='ltr'><strong>Absurdissimum</strong></span> <span class='ocrx_word' id='word_1_48' title='bbox 925 834 1092 879; x_wconf 92' lang='lat' dir='ltr'><strong>vitium</strong></span> <span class='ocrx_word' id='word_1_49' title='bbox 1124 833 1201 879; x_wconf 94' lang='lat' dir='ltr'><strong>hic</strong></span> <span class='ocrx_word' id='word_1_50' title='bbox 1231 848 1399 879; x_wconf 90' lang='lat' dir='ltr'><strong>versus</strong></span> <span class='ocrx_word' id='word_1_51' title='bbox 1430 834 1673 887; x_wconf 87' lang='lat' dir='ltr'><strong>contraxit,</strong></span> <span class='ocrx_word' id='word_1_52' title='bbox 1705 836 1833 889; x_wconf 91' lang='lat' dir='ltr'><strong>quod</strong></span> <span class='ocrx_word' id='word_1_53' title='bbox 1866 834 2192 882; x_wconf 85' lang='lat' dir='ltr'><strong>Broukhusius</strong></span> 
     </span>
     <span class='ocr_line' id='line_1_8' title="bbox 471 928 2131 983; baseline 0.002 -10"><span class='ocrx_word' id='word_1_54' title='bbox 471 928 730 974; x_wconf 86' lang='lat' dir='ltr'><strong>defendere</strong></span> <span class='ocrx_word' id='word_1_55' title='bbox 763 938 959 974; x_wconf 88' lang='lat' dir='ltr'><strong>conatur</strong></span> <span class='ocrx_word' id='word_1_56' title='bbox 989 929 1136 974; x_wconf 89' lang='lat' dir='ltr'><strong>allatis</strong></span> <span class='ocrx_word' id='word_1_57' title='bbox 1168 929 1353 974; x_wconf 92' lang='lat' dir='ltr'><strong>duobus</strong></span> <span class='ocrx_word' id='word_1_58' title='bbox 1385 929 1457 974; x_wconf 93' lang='lat' dir='ltr'><strong>his</strong></span> <span class='ocrx_word' id='word_1_59' title='bbox 1488 929 1602 974; x_wconf 92' lang='lat' dir='ltr'><strong>locis</strong></span> <span class='ocrx_word' id='word_1_60' title='bbox 1634 929 1839 975; x_wconf 88' lang='lat' dir='ltr'><strong>Tibulli:</strong></span> <span class='ocrx_word' id='word_1_61' title='bbox 1869 930 1907 983; x_wconf 92' lang='grc' dir='ltr'><strong>Ι,</strong></span> <span class='ocrx_word' id='word_1_62' title='bbox 1944 929 2013 983; x_wconf 90' lang='grc'><strong>10,</strong></span> <span class='ocrx_word' id='word_1_63' title='bbox 2045 930 2131 976; x_wconf 83' lang='lat'><strong>37:</strong></span> 
     </span>
     <span class='ocr_line' id='line_1_9' title="bbox 869 1025 1913 1079; baseline 0.001 -10"><span class='ocrx_word' id='word_1_64' title='bbox 869 1025 963 1070; x_wconf 91' lang='lat' dir='ltr'><strong>illic</strong></span> <span class='ocrx_word' id='word_1_65' title='bbox 994 1025 1324 1078; x_wconf 87' lang='lat' dir='ltr'><strong>percussisque</strong></span> <span class='ocrx_word' id='word_1_66' title='bbox 1355 1025 1484 1078; x_wconf 81' lang='lat' dir='ltr'><strong>genis</strong></span> <span class='ocrx_word' id='word_1_67' title='bbox 1515 1034 1714 1079; x_wconf 91' lang='lat' dir='ltr'><strong>ustoque</strong></span> <span class='ocrx_word' id='word_1_68' title='bbox 1746 1025 1913 1078; x_wconf 90' lang='lat' dir='ltr'><strong>capillo</strong></span> 
     </span>
     <span class='ocr_line' id='line_1_10' title="bbox 904 1120 1902 1174; baseline 0.001 -9"><span class='ocrx_word' id='word_1_69' title='bbox 904 1129 1028 1166; x_wconf 90' lang='lat' dir='ltr'><strong>errat</strong></span> <span class='ocrx_word' id='word_1_70' title='bbox 1058 1122 1117 1165; x_wconf 94' lang='lat' dir='ltr'><strong>ad</strong></span> <span class='ocrx_word' id='word_1_71' title='bbox 1149 1120 1375 1166; x_wconf 91' lang='lat' dir='ltr'><strong>obscuros</strong></span> <span class='ocrx_word' id='word_1_72' title='bbox 1406 1120 1577 1174; x_wconf 91' lang='lat' dir='ltr'><strong>pallida</strong></span> <span class='ocrx_word' id='word_1_73' title='bbox 1608 1120 1744 1166; x_wconf 88' lang='lat' dir='ltr'><strong>turba</strong></span> <span class='ocrx_word' id='word_1_74' title='bbox 1774 1122 1902 1166; x_wconf 90' lang='lat' dir='ltr'><strong>lacus</strong></span> 
     </span>
     <span class='ocr_line' id='line_1_11' title="bbox 475 1220 2189 1275; baseline 0.001 -9"><span class='ocrx_word' id='word_1_75' title='bbox 475 1230 521 1267; x_wconf 91' lang='lat' dir='ltr'><strong>et</strong></span> <span class='ocrx_word' id='word_1_76' title='bbox 566 1222 602 1273; x_wconf 92' lang='grc' dir='ltr'><strong>Ι,</strong></span> <span class='ocrx_word' id='word_1_77' title='bbox 645 1220 688 1274; x_wconf 92' lang='grc'><strong>9,</strong></span> <span class='ocrx_word' id='word_1_78' title='bbox 735 1221 819 1267; x_wconf 86' lang='lat'><strong>21:</strong></span> <span class='ocrx_word' id='word_1_79' title='bbox 867 1221 971 1267; x_wconf 89' lang='lat' dir='ltr'><strong>Ure</strong></span> <span class='ocrx_word' id='word_1_80' title='bbox 1015 1237 1174 1267; x_wconf 91' lang='lat' dir='ltr'><strong>meum</strong></span> <span class='ocrx_word' id='word_1_81' title='bbox 1221 1222 1375 1275; x_wconf 92' lang='lat' dir='ltr'><strong>potius</strong></span> <span class='ocrx_word' id='word_1_82' title='bbox 1421 1222 1608 1267; x_wconf 87' lang='lat' dir='ltr'><strong>flamma</strong></span> <span class='ocrx_word' id='word_1_83' title='bbox 1649 1231 1788 1275; x_wconf 90' lang='lat' dir='ltr'><strong>caput</strong></span> <span class='ocrx_word' id='word_1_84' title='bbox 1834 1231 1880 1268; x_wconf 88' lang='lat' dir='ltr'><strong>et</strong></span> <span class='ocrx_word' id='word_1_85' title='bbox 1926 1231 2033 1275; x_wconf 89' lang='lat' dir='ltr'><strong>pete</strong></span> <span class='ocrx_word' id='word_1_86' title='bbox 2063 1223 2189 1269; x_wconf 71' lang='lat' dir='ltr'><strong>ferro</strong></span> 
     </span>
     <span class='ocr_line' id='line_1_12' title="bbox 945 1317 1937 1371; baseline 0 -9"><span class='ocrx_word' id='word_1_87' title='bbox 945 1332 1116 1370; x_wconf 92' lang='lat' dir='ltr'><strong>corpus</strong></span> <span class='ocrx_word' id='word_1_88' title='bbox 1147 1326 1194 1362; x_wconf 91' lang='lat' dir='ltr'><strong>et</strong></span> <span class='ocrx_word' id='word_1_89' title='bbox 1223 1317 1396 1363; x_wconf 88' lang='lat' dir='ltr'><strong>intorto</strong></span> <span class='ocrx_word' id='word_1_90' title='bbox 1427 1317 1628 1362; x_wconf 92' lang='lat' dir='ltr'><strong>verbere</strong></span> <span class='ocrx_word' id='word_1_91' title='bbox 1659 1326 1786 1371; x_wconf 81' lang='lat' dir='ltr'><strong>terga</strong></span> <span class='ocrx_word' id='word_1_92' title='bbox 1816 1332 1937 1370; x_wconf 85' lang='lat' dir='ltr'><strong>seca,</strong></span> 
     </span>
    </p>

    <p class='ocr_par' dir='ltr' id='par_1_6' title="bbox 465 1410 2188 1943">
     <span class='ocr_line' id='line_1_13' title="bbox 480 1410 2188 1470; baseline 0 -14"><span class='ocrx_word' id='word_1_93' title='bbox 480 1412 563 1456; x_wconf 91' lang='lat' dir='ltr'><strong>sed</strong></span> <span class='ocrx_word' id='word_1_94' title='bbox 606 1420 734 1457; x_wconf 92' lang='lat' dir='ltr'><strong>recte</strong></span> <span class='ocrx_word' id='word_1_95' title='bbox 766 1412 826 1457; x_wconf 89' lang='lat' dir='ltr'><strong>de</strong></span> <span class='ocrx_word' id='word_1_96' title='bbox 858 1412 930 1457; x_wconf 90' lang='lat' dir='ltr'><strong>his</strong></span> <span class='ocrx_word' id='word_1_97' title='bbox 962 1413 1075 1457; x_wconf 91' lang='lat' dir='ltr'><strong>locis</strong></span> <span class='ocrx_word' id='word_1_98' title='bbox 1107 1412 1280 1458; x_wconf 89' lang='lat' dir='ltr'><strong>iudicat</strong></span> <span class='ocrx_word' id='word_1_99' title='bbox 1313 1412 1584 1466; x_wconf 75' lang='lat' dir='ltr'><strong>Risbergius</strong></span> <span class='ocrx_word' id='word_1_100' title='bbox 1607 1410 1883 1470; x_wconf 84' lang='lat' dir='ltr'><strong>(Emendat.</strong></span> <span class='ocrx_word' id='word_1_101' title='bbox 1906 1421 1952 1458; x_wconf 91' lang='lat' dir='ltr'><strong>et</strong></span> <span class='ocrx_word' id='word_1_102' title='bbox 1974 1412 2188 1466; x_wconf 88' lang='lat' dir='ltr'><strong>explicat.</strong></span> 
     </span>
     <span class='ocr_line' id='line_1_14' title="bbox 468 1505 2187 1564; baseline 0.001 -13"><span class='ocrx_word' id='word_1_103' title='bbox 468 1506 610 1559; x_wconf 89' lang='lat' dir='ltr'><strong>Prop.</strong></span> <span class='ocrx_word' id='word_1_104' title='bbox 627 1521 672 1559; x_wconf 91' lang='lat' dir='ltr'><strong>p.</strong></span> <span class='ocrx_word' id='word_1_105' title='bbox 691 1505 795 1564; x_wconf 85' lang='lat'>40):</span> <span class='ocrx_word' id='word_1_106' title='bbox 808 1507 884 1552; x_wconf 91' lang='lat' dir='ltr'><strong>hic</strong></span> <span class='ocrx_word' id='word_1_107' title='bbox 897 1508 1027 1553; x_wconf 92' lang='lat' dir='ltr'><strong>locus</strong></span> <span class='ocrx_word' id='word_1_108' title='bbox 1038 1507 1232 1561; x_wconf 88' lang='lat' dir='ltr'><strong>praebet</strong></span> <span class='ocrx_word' id='word_1_109' title='bbox 1242 1508 1523 1553; x_wconf 86' lang='lat' dir='ltr'><strong>rhetoricam</strong></span> <span class='ocrx_word' id='word_1_110' title='bbox 1535 1508 1773 1560; x_wconf 90' lang='lat' dir='ltr'><strong>quandam</strong></span> <span class='ocrx_word' id='word_1_111' title='bbox 1785 1507 2187 1562; x_wconf 79' lang='lat' dir='ltr'><strong>exaggerationem</strong></span> 
     </span>
     <span class='ocr_line' id='line_1_15' title="bbox 470 1602 2186 1657; baseline 0.001 -10"><span class='ocrx_word' id='word_1_112' title='bbox 470 1617 627 1656; x_wconf 90' lang='lat' dir='ltr'><strong>neque</strong></span> <span class='ocrx_word' id='word_1_113' title='bbox 676 1602 929 1656; x_wconf 88' lang='lat' dir='ltr'><strong>quicquam</strong></span> <span class='ocrx_word' id='word_1_114' title='bbox 975 1603 1176 1657; x_wconf 88' lang='lat' dir='ltr'><strong>probare</strong></span> <span class='ocrx_word' id='word_1_115' title='bbox 1223 1611 1389 1655; x_wconf 88' lang='lat' dir='ltr'><strong>potest,</strong></span> <span class='ocrx_word' id='word_1_116' title='bbox 1435 1603 1513 1648; x_wconf 90' lang='lat' dir='ltr'><strong>ille</strong></span> <span class='ocrx_word' id='word_1_117' title='bbox 1560 1618 1677 1648; x_wconf 90' lang='lat' dir='ltr'><strong>vero</strong></span> <span class='ocrx_word' id='word_1_118' title='bbox 1723 1603 1911 1648; x_wconf 91' lang='lat' dir='ltr'><strong>videtur</strong></span> <span class='ocrx_word' id='word_1_119' title='bbox 1956 1603 2005 1648; x_wconf 89' lang='lat' dir='ltr'><strong>in</strong></span> <span class='ocrx_word' id='word_1_120' title='bbox 2050 1602 2186 1648; x_wconf 87' lang='lat' dir='ltr'><strong>aliam</strong></span> 
     </span>
     <span class='ocr_line' id='line_1_16' title="bbox 468 1697 1257 1752; baseline 0 -10"><span class='ocrx_word' id='word_1_121' title='bbox 468 1697 746 1743; x_wconf 90' lang='lat' dir='ltr'><strong>sententiam</strong></span> <span class='ocrx_word' id='word_1_122' title='bbox 778 1698 1080 1752; x_wconf 90' lang='lat' dir='ltr'><strong>accipiendus</strong></span> <span class='ocrx_word' id='word_1_123' title='bbox 1110 1699 1257 1744; x_wconf 89' lang='lat' dir='ltr'><strong>esse”.</strong></span> 
     </span>
     <span class='ocr_line' id='line_1_17' title="bbox 466 1792 2188 1847; baseline 0.001 -10"><span class='ocrx_word' id='word_1_124' title='bbox 466 1792 512 1837; x_wconf 92' lang='lat' dir='ltr'><strong>Is</strong></span> <span class='ocrx_word' id='word_1_125' title='bbox 543 1800 701 1838; x_wconf 90' lang='lat' dir='ltr'><strong>autem</strong></span> <span class='ocrx_word' id='word_1_126' title='bbox 733 1793 871 1838; x_wconf 89' lang='lat' dir='ltr'><strong>aliam</strong></span> <span class='ocrx_word' id='word_1_127' title='bbox 902 1794 1028 1839; x_wconf 88' lang='lat' dir='ltr'><strong>viam</strong></span> <span class='ocrx_word' id='word_1_128' title='bbox 1060 1794 1294 1847; x_wconf 77' lang='lat' dir='ltr'><strong>ingressus</strong></span> <span class='ocrx_word' id='word_1_129' title='bbox 1325 1810 1357 1839; x_wconf 93' lang='lat' dir='ltr'><strong>u</strong></span> <span class='ocrx_word' id='word_1_130' title='bbox 1373 1809 1397 1838; x_wconf 91' lang='lat' dir='ltr'><strong>r</strong></span> <span class='ocrx_word' id='word_1_131' title='bbox 1417 1809 1444 1839; x_wconf 93' lang='lat' dir='ltr'><strong>e</strong></span> <span class='ocrx_word' id='word_1_132' title='bbox 1460 1809 1484 1839; x_wconf 92' lang='lat' dir='ltr'><strong>r</strong></span> <span class='ocrx_word' id='word_1_133' title='bbox 1500 1808 1527 1838; x_wconf 90' lang='lat' dir='ltr'><strong>e</strong></span> <span class='ocrx_word' id='word_1_134' title='bbox 1559 1802 1719 1839; x_wconf 90' lang='lat' dir='ltr'><strong>nostro</strong></span> <span class='ocrx_word' id='word_1_135' title='bbox 1750 1794 1855 1839; x_wconf 90' lang='lat' dir='ltr'><strong>loco</strong></span> <span class='ocrx_word' id='word_1_136' title='bbox 1886 1793 2012 1839; x_wconf 90' lang='lat' dir='ltr'><strong>idem</strong></span> <span class='ocrx_word' id='word_1_137' title='bbox 2028 1793 2188 1839; x_wconf 88' lang='lat' dir='ltr'><strong>valere</strong></span> 
     </span>
     <span class='ocr_line' id='line_1_18' title="bbox 465 1887 2186 1943; baseline 0.001 -10"><span class='ocrx_word' id='word_1_138' title='bbox 465 1889 706 1934; x_wconf 89' lang='lat' dir='ltr'><strong>contendit</strong></span> <span class='ocrx_word' id='word_1_139' title='bbox 722 1897 862 1943; x_wconf 89' lang='lat' dir='ltr'><strong>atque</strong></span> <span class='ocrx_word' id='word_1_140' title='bbox 893 1904 920 1934; x_wconf 92' lang='lat' dir='ltr'><strong>c</strong></span> <span class='ocrx_word' id='word_1_141' title='bbox 932 1905 956 1934; x_wconf 90' lang='lat' dir='ltr'><strong>r</strong></span> <span class='ocrx_word' id='word_1_142' title='bbox 967 1905 998 1935; x_wconf 93' lang='lat' dir='ltr'><strong>u</strong></span> <span class='ocrx_word' id='word_1_143' title='bbox 1012 1889 1106 1934; x_wconf 91' lang='lat' dir='ltr'><strong>cia</strong></span> <span class='ocrx_word' id='word_1_144' title='bbox 1118 1905 1141 1934; x_wconf 92' lang='lat' dir='ltr'><strong>r</strong></span> <span class='ocrx_word' id='word_1_145' title='bbox 1155 1905 1196 1941; x_wconf 91' lang='lat' dir='ltr'><strong>e,</strong></span> <span class='ocrx_word' id='word_1_146' title='bbox 1228 1904 1370 1942; x_wconf 92' lang='lat' dir='ltr'><strong>quam</strong></span> <span class='ocrx_word' id='word_1_147' title='bbox 1387 1889 1770 1943; x_wconf 80' lang='lat' dir='ltr'><strong>significationem</strong></span> <span class='ocrx_word' id='word_1_148' title='bbox 1783 1889 1925 1935; x_wconf 89' lang='lat' dir='ltr'><strong>habet</strong></span> <span class='ocrx_word' id='word_1_149' title='bbox 1939 1889 2011 1934; x_wconf 93' lang='lat' dir='ltr'><strong>IV</strong></span> <span class='ocrx_word' id='word_1_150' title='bbox 2013 1922 2026 1942; x_wconf 87' lang='grc'>,</span> <span class='ocrx_word' id='word_1_151' title='bbox 2042 1887 2084 1942; x_wconf 87' lang='grc'><strong>3,</strong></span> <span class='ocrx_word' id='word_1_152' title='bbox 2102 1888 2159 1935; x_wconf 94' lang='grc'><strong>23</strong></span> <span class='ocrx_word' id='word_1_153' title='bbox 2174 1904 2186 1934; x_wconf 87' lang='lat'><strong>:</strong></span> 
     </span>
    </p>

    <p class='ocr_par' dir='ltr' id='par_1_7' title="bbox 467 1984 2187 2326">
     <span class='ocr_line' id='line_1_19' title="bbox 586 1984 1772 2037; baseline 0 -8"><span class='ocrx_word' id='word_1_154' title='bbox 586 1984 678 2029; x_wconf 91' lang='lat' dir='ltr'><strong>Dic</strong></span> <span class='ocrx_word' id='word_1_155' title='bbox 710 1985 840 2037; x_wconf 87' lang='lat' dir='ltr'><strong>mihi,</strong></span> <span class='ocrx_word' id='word_1_156' title='bbox 871 2001 986 2031; x_wconf 92' lang='lat' dir='ltr'><strong>num</strong></span> <span class='ocrx_word' id='word_1_157' title='bbox 1018 1995 1206 2031; x_wconf 89' lang='lat' dir='ltr'><strong>teneros</strong></span> <span class='ocrx_word' id='word_1_158' title='bbox 1237 1986 1330 2031; x_wconf 89' lang='lat' dir='ltr'><strong>urit</strong></span> <span class='ocrx_word' id='word_1_159' title='bbox 1360 1985 1505 2031; x_wconf 90' lang='lat' dir='ltr'><strong>lorica</strong></span> <span class='ocrx_word' id='word_1_160' title='bbox 1535 1984 1772 2031; x_wconf 76' lang='lat' dir='ltr'><strong>lacertos?</strong></span> 
     </span>
     <span class='ocr_line' id='line_1_20' title="bbox 467 2077 2187 2134; baseline 0 -10"><span class='ocrx_word' id='word_1_161' title='bbox 467 2077 560 2124; x_wconf 90' lang='lat' dir='ltr'><strong>Sed</strong></span> <span class='ocrx_word' id='word_1_162' title='bbox 595 2080 655 2124; x_wconf 96' lang='lat' dir='ltr'><strong>de</strong></span> <span class='ocrx_word' id='word_1_163' title='bbox 686 2094 755 2125; x_wconf 92' lang='lat' dir='ltr'><strong>co</strong></span> <span class='ocrx_word' id='word_1_164' title='bbox 772 2095 862 2125; x_wconf 91' lang='lat' dir='ltr'><strong>ma</strong></span> <span class='ocrx_word' id='word_1_165' title='bbox 891 2080 1093 2126; x_wconf 87' lang='lat' dir='ltr'><strong>verbum</strong></span> <span class='ocrx_word' id='word_1_166' title='bbox 1126 2095 1279 2125; x_wconf 92' lang='lat' dir='ltr'><strong>uren</strong></span> <span class='ocrx_word' id='word_1_167' title='bbox 1297 2080 1359 2125; x_wconf 93' lang='lat' dir='ltr'><strong>di</strong></span> <span class='ocrx_word' id='word_1_168' title='bbox 1394 2095 1452 2125; x_wconf 92' lang='lat' dir='ltr'><strong>eo</strong></span> <span class='ocrx_word' id='word_1_169' title='bbox 1484 2095 1625 2125; x_wconf 91' lang='lat' dir='ltr'><strong>sensu</strong></span> <span class='ocrx_word' id='word_1_170' title='bbox 1656 2095 1752 2134; x_wconf 91' lang='lat' dir='ltr'><strong>quo</strong></span> <span class='ocrx_word' id='word_1_171' title='bbox 1782 2080 1883 2126; x_wconf 88' lang='lat' dir='ltr'><strong>vult</strong></span> <span class='ocrx_word' id='word_1_172' title='bbox 1915 2079 2187 2133; x_wconf 79' lang='lat' dir='ltr'><strong>Risbergius</strong></span> 
     </span>
     <span class='ocr_line' id='line_1_21' title="bbox 470 2174 2186 2230; baseline 0.001 -11"><span class='ocrx_word' id='word_1_173' title='bbox 470 2174 610 2219; x_wconf 90' lang='lat' dir='ltr'><strong>nimis</strong></span> <span class='ocrx_word' id='word_1_174' title='bbox 641 2184 764 2221; x_wconf 90' lang='lat' dir='ltr'><strong>esset</strong></span> <span class='ocrx_word' id='word_1_175' title='bbox 793 2175 1010 2229; x_wconf 84' lang='lat' dir='ltr'><strong>ambigue</strong></span> <span class='ocrx_word' id='word_1_176' title='bbox 1043 2176 1339 2230; x_wconf 89' lang='lat' dir='ltr'><strong>obscureque</strong></span> <span class='ocrx_word' id='word_1_177' title='bbox 1376 2176 1567 2222; x_wconf 92' lang='lat' dir='ltr'><strong>dictum.</strong></span> <span class='ocrx_word' id='word_1_178' title='bbox 1602 2175 1694 2222; x_wconf 89' lang='lat' dir='ltr'><strong>Sed</strong></span> <span class='ocrx_word' id='word_1_179' title='bbox 1711 2176 1853 2222; x_wconf 90' lang='lat' dir='ltr'><strong>alium</strong></span> <span class='ocrx_word' id='word_1_180' title='bbox 1870 2175 2009 2221; x_wconf 90' lang='lat' dir='ltr'><strong>etiam</strong></span> <span class='ocrx_word' id='word_1_181' title='bbox 2029 2175 2186 2221; x_wconf 90' lang='lat' dir='ltr'><strong>locum</strong></span> 
     </span>
     <span class='ocr_line' id='line_1_22' title="bbox 467 2269 1248 2326; baseline 0.004 -12"><span class='ocrx_word' id='word_1_182' title='bbox 467 2270 631 2322; x_wconf 76' lang='lat' dir='ltr'><strong>adfert,</strong></span> <span class='ocrx_word' id='word_1_183' title='bbox 665 2269 759 2316; x_wconf 87' lang='lat' dir='ltr'><strong>Ov.</strong></span> <span class='ocrx_word' id='word_1_184' title='bbox 791 2271 853 2316; x_wconf 90' lang='lat' dir='ltr'><strong>A.</strong></span> <span class='ocrx_word' id='word_1_185' title='bbox 887 2271 924 2323; x_wconf 92' lang='lat'><strong>1,</strong></span> <span class='ocrx_word' id='word_1_186' title='bbox 959 2271 1027 2316; x_wconf 88' lang='lat'><strong>14.</strong></span> <span class='ocrx_word' id='word_1_187' title='bbox 1061 2271 1117 2317; x_wconf 87' lang='grc'><strong>23</strong></span> <span class='ocrx_word' id='word_1_188' title='bbox 1150 2287 1248 2326; x_wconf 87' lang='lat' dir='ltr'><strong>sq.:</strong></span> 
     </span>
    </p>

    <p class='ocr_par' dir='ltr' id='par_1_8' title="bbox 589 2365 1840 2421">
     <span class='ocr_line' id='line_1_23' title="bbox 589 2365 1840 2421; baseline 0.001 -10"><span class='ocrx_word' id='word_1_189' title='bbox 589 2365 716 2411; x_wconf 91' lang='lat' dir='ltr'><strong>Cum</strong></span> <span class='ocrx_word' id='word_1_190' title='bbox 748 2367 941 2420; x_wconf 78' lang='lat' dir='ltr'><strong>graciles</strong></span> <span class='ocrx_word' id='word_1_191' title='bbox 972 2377 1127 2412; x_wconf 91' lang='lat' dir='ltr'><strong>essent</strong></span> <span class='ocrx_word' id='word_1_192' title='bbox 1159 2377 1315 2413; x_wconf 90' lang='lat' dir='ltr'><strong>tamen</strong></span> <span class='ocrx_word' id='word_1_193' title='bbox 1347 2377 1392 2413; x_wconf 90' lang='lat' dir='ltr'><strong>et</strong></span> <span class='ocrx_word' id='word_1_194' title='bbox 1423 2367 1652 2421; x_wconf 80' lang='lat' dir='ltr'><strong>lanuginis</strong></span> <span class='ocrx_word' id='word_1_195' title='bbox 1683 2367 1840 2419; x_wconf 87' lang='lat' dir='ltr'><strong>instar,</strong></span> 
     </span>
    </p>

    <p class='ocr_par' dir='ltr' id='par_1_9' title="bbox 590 2461 1805 2699">
     <span class='ocr_line' id='line_1_24' title="bbox 663 2461 1758 2516; baseline -0.001 -9"><span class='ocrx_word' id='word_1_196' title='bbox 663 2463 771 2514; x_wconf 91' lang='lat' dir='ltr'><strong>heu,</strong></span> <span class='ocrx_word' id='word_1_197' title='bbox 804 2463 925 2507; x_wconf 89' lang='lat' dir='ltr'><strong>male</strong></span> <span class='ocrx_word' id='word_1_198' title='bbox 956 2471 1153 2508; x_wconf 82' lang='lat' dir='ltr'><strong>vexatae</strong></span> <span class='ocrx_word' id='word_1_199' title='bbox 1184 2471 1358 2516; x_wconf 89' lang='lat' dir='ltr'><strong>quanta</strong></span> <span class='ocrx_word' id='word_1_200' title='bbox 1387 2463 1537 2508; x_wconf 90' lang='lat' dir='ltr'><strong>tulere</strong></span> <span class='ocrx_word' id='word_1_201' title='bbox 1568 2461 1758 2507; x_wconf 79' lang='lat' dir='ltr'><strong>comae!</strong></span> 
     </span>
     <span class='ocr_line' id='line_1_25' title="bbox 590 2557 1805 2611; baseline -0.001 -8"><span class='ocrx_word' id='word_1_202' title='bbox 590 2557 746 2609; x_wconf 87' lang='lat' dir='ltr'><strong>Quam</strong></span> <span class='ocrx_word' id='word_1_203' title='bbox 779 2572 829 2603; x_wconf 94' lang='lat' dir='ltr'><strong>se</strong></span> <span class='ocrx_word' id='word_1_204' title='bbox 860 2558 1174 2611; x_wconf 89' lang='lat' dir='ltr'><strong>praebuerant</strong></span> <span class='ocrx_word' id='word_1_205' title='bbox 1204 2558 1329 2603; x_wconf 77' lang='lat' dir='ltr'><strong>ferro</strong></span> <span class='ocrx_word' id='word_1_206' title='bbox 1361 2558 1591 2610; x_wconf 91' lang='lat' dir='ltr'><strong>patienter</strong></span> <span class='ocrx_word' id='word_1_207' title='bbox 1621 2567 1668 2603; x_wconf 93' lang='lat' dir='ltr'><strong>et</strong></span> <span class='ocrx_word' id='word_1_208' title='bbox 1698 2558 1805 2611; x_wconf 80' lang='lat' dir='ltr'><strong>igni,</strong></span> 
     </span>
     <span class='ocr_line' id='line_1_26' title="bbox 661 2652 1553 2699; baseline 0 -2"><span class='ocrx_word' id='word_1_209' title='bbox 661 2661 711 2697; x_wconf 89' lang='lat' dir='ltr'><strong>ut</strong></span> <span class='ocrx_word' id='word_1_210' title='bbox 741 2652 868 2697; x_wconf 87' lang='lat' dir='ltr'><strong>fierit</strong></span> <span class='ocrx_word' id='word_1_211' title='bbox 898 2661 1021 2698; x_wconf 90' lang='lat' dir='ltr'><strong>torto</strong></span> <span class='ocrx_word' id='word_1_212' title='bbox 1052 2653 1219 2699; x_wconf 87' lang='lat' dir='ltr'><strong>nexilis</strong></span> <span class='ocrx_word' id='word_1_213' title='bbox 1251 2653 1367 2698; x_wconf 90' lang='lat' dir='ltr'><strong>orbe</strong></span> <span class='ocrx_word' id='word_1_214' title='bbox 1398 2652 1553 2698; x_wconf 80' lang='lat' dir='ltr'><strong>sinus!</strong></span> 
     </span>
    </p>

    <p class='ocr_par' dir='ltr' id='par_1_10' title="bbox 471 2746 2187 3183">
     <span class='ocr_line' id='line_1_27' title="bbox 590 2746 1959 2801; baseline -0.001 -8"><span class='ocrx_word' id='word_1_215' title='bbox 590 2746 892 2793; x_wconf 89' lang='lat' dir='ltr'><strong>Clamabam:</strong></span> <span class='ocrx_word' id='word_1_216' title='bbox 925 2749 1106 2800; x_wconf 90' lang='lat' dir='ltr'><strong>„scelus</strong></span> <span class='ocrx_word' id='word_1_217' title='bbox 1138 2758 1207 2794; x_wconf 91' lang='lat' dir='ltr'><strong>est</strong></span> <span class='ocrx_word' id='word_1_218' title='bbox 1238 2748 1364 2801; x_wconf 88' lang='lat' dir='ltr'><strong>istos,</strong></span> <span class='ocrx_word' id='word_1_219' title='bbox 1397 2749 1548 2794; x_wconf 89' lang='lat' dir='ltr'><strong>scelus</strong></span> <span class='ocrx_word' id='word_1_220' title='bbox 1580 2763 1719 2793; x_wconf 88' lang='lat' dir='ltr'><strong>urere</strong></span> <span class='ocrx_word' id='word_1_221' title='bbox 1750 2746 1959 2793; x_wconf 89' lang='lat' dir='ltr'><strong>crines”!</strong></span> 
     </span>
     <span class='ocr_line' id='line_1_28' title="bbox 471 2843 2184 2897; baseline 0.001 -10"><span class='ocrx_word' id='word_1_222' title='bbox 471 2843 629 2894; x_wconf 89' lang='lat' dir='ltr'><strong>Quem</strong></span> <span class='ocrx_word' id='word_1_223' title='bbox 661 2844 818 2888; x_wconf 90' lang='lat' dir='ltr'><strong>locum</strong></span> <span class='ocrx_word' id='word_1_224' title='bbox 850 2845 1090 2897; x_wconf 91' lang='lat' dir='ltr'><strong>quomodo</strong></span> <span class='ocrx_word' id='word_1_225' title='bbox 1121 2844 1264 2889; x_wconf 89' lang='lat' dir='ltr'><strong>citare</strong></span> <span class='ocrx_word' id='word_1_226' title='bbox 1295 2844 1512 2896; x_wconf 88' lang='lat' dir='ltr'><strong>potuerit,</strong></span> <span class='ocrx_word' id='word_1_227' title='bbox 1544 2859 1621 2889; x_wconf 91' lang='lat' dir='ltr'><strong>me</strong></span> <span class='ocrx_word' id='word_1_228' title='bbox 1652 2844 1780 2896; x_wconf 88' lang='lat' dir='ltr'><strong>fallit,</strong></span> <span class='ocrx_word' id='word_1_229' title='bbox 1812 2859 1920 2888; x_wconf 91' lang='lat' dir='ltr'><strong>nam</strong></span> <span class='ocrx_word' id='word_1_230' title='bbox 1952 2843 2057 2897; x_wconf 89' lang='lat' dir='ltr'><strong>quis</strong></span> <span class='ocrx_word' id='word_1_231' title='bbox 2088 2857 2184 2888; x_wconf 89' lang='lat' dir='ltr'><strong>non</strong></span> 
     </span>
     <span class='ocr_line' id='line_1_29' title="bbox 471 2937 2185 2984; baseline 0 -1"><span class='ocrx_word' id='word_1_232' title='bbox 471 2938 599 2983; x_wconf 88' lang='lat' dir='ltr'><strong>videt</strong></span> <span class='ocrx_word' id='word_1_233' title='bbox 660 2939 750 2983; x_wconf 91' lang='lat' dir='ltr'><strong>hoc</strong></span> <span class='ocrx_word' id='word_1_234' title='bbox 812 2940 917 2984; x_wconf 94' lang='lat' dir='ltr'><strong>loco</strong></span> <span class='ocrx_word' id='word_1_235' title='bbox 982 2938 1222 2984; x_wconf 88' lang='lat' dir='ltr'><strong>Ovidiano</strong></span> <span class='ocrx_word' id='word_1_236' title='bbox 1287 2954 1556 2984; x_wconf 88' lang='lat' dir='ltr'><strong>sermonem</strong></span> <span class='ocrx_word' id='word_1_237' title='bbox 1599 2954 1702 2984; x_wconf 89' lang='lat' dir='ltr'><strong>esse</strong></span> <span class='ocrx_word' id='word_1_238' title='bbox 1761 2939 1821 2984; x_wconf 91' lang='lat' dir='ltr'><strong>de</strong></span> <span class='ocrx_word' id='word_1_239' title='bbox 1874 2937 2185 2984; x_wconf 88' lang='lat' dir='ltr'><strong>crinibus</strong></span> 
     </span>
     <span class='ocr_line' id='line_1_30' title="bbox 472 3032 2187 3087; baseline -0.001 -9"><span class='ocrx_word' id='word_1_240' title='bbox 472 3048 497 3078; x_wconf 91' lang='lat' dir='ltr'><strong>c</strong></span> <span class='ocrx_word' id='word_1_241' title='bbox 514 3034 618 3078; x_wconf 87' lang='lat' dir='ltr'><strong>ala</strong></span> <span class='ocrx_word' id='word_1_242' title='bbox 637 3034 755 3078; x_wconf 92' lang='lat' dir='ltr'><strong>mis</strong></span> <span class='ocrx_word' id='word_1_243' title='bbox 771 3033 997 3079; x_wconf 85' lang='lat' dir='ltr'><strong>tratis!</strong></span> <span class='ocrx_word' id='word_1_244' title='bbox 1031 3034 1162 3086; x_wconf 91' lang='lat' dir='ltr'><strong>Quid</strong></span> <span class='ocrx_word' id='word_1_245' title='bbox 1194 3035 1444 3087; x_wconf 79' lang='lat' dir='ltr'><strong>legendum</strong></span> <span class='ocrx_word' id='word_1_246' title='bbox 1478 3045 1613 3086; x_wconf 90' lang='lat' dir='ltr'><strong>esset,</strong></span> <span class='ocrx_word' id='word_1_247' title='bbox 1646 3036 1793 3080; x_wconf 91' lang='lat' dir='ltr'><strong>multo</strong></span> <span class='ocrx_word' id='word_1_248' title='bbox 1823 3042 1931 3080; x_wconf 90' lang='lat' dir='ltr'><strong>ante</strong></span> <span class='ocrx_word' id='word_1_249' title='bbox 1962 3032 2187 3079; x_wconf 88' lang='lat' dir='ltr'><strong>intellexit</strong></span> 
     </span>
     <span class='ocr_line' id='line_1_31' title="bbox 473 3128 1420 3183; baseline 0 -10"><span class='ocrx_word' id='word_1_250' title='bbox 473 3129 709 3174; x_wconf 90' lang='lat' dir='ltr'><strong>Robertus</strong></span> <span class='ocrx_word' id='word_1_251' title='bbox 742 3128 907 3181; x_wconf 89' lang='lat' dir='ltr'><strong>Titius,</strong></span> <span class='ocrx_word' id='word_1_252' title='bbox 939 3130 1020 3183; x_wconf 93' lang='lat' dir='ltr'><strong>qui</strong></span> <span class='ocrx_word' id='word_1_253' title='bbox 1053 3130 1267 3175; x_wconf 90' lang='lat' dir='ltr'><strong>vulsit</strong></span> <span class='ocrx_word' id='word_1_254' title='bbox 1298 3129 1420 3183; x_wconf 78' lang='lat' dir='ltr'><strong>legit.</strong></span> 
     </span>
    </p>
   </div>
   <div class='ocr_carea' id='block_1_6' title="bbox 472 3246 2185 3302">
    <p class='ocr_par' dir='ltr' id='par_1_11' title="bbox 472 3246 2185 3302">
     <span class='ocr_line' id='line_1_32' title="bbox 472 3246 2185 3302; baseline 0 -11"><span class='ocrx_word' id='word_1_255' title='bbox 472 3247 568 3298; x_wconf 88' lang='lat' dir='ltr'><strong>Qui</strong></span> <span class='ocrx_word' id='word_1_256' title='bbox 616 3247 810 3292; x_wconf 89' lang='lat' dir='ltr'><strong>miratur</strong></span> <span class='ocrx_word' id='word_1_257' title='bbox 858 3256 1060 3300; x_wconf 92' lang='lat' dir='ltr'><strong>poetam,</strong></span> <span class='ocrx_word' id='word_1_258' title='bbox 1107 3257 1353 3302; x_wconf 88' lang='lat' dir='ltr'><strong>postquam</strong></span> <span class='ocrx_word' id='word_1_259' title='bbox 1402 3248 1606 3293; x_wconf 90' lang='lat' dir='ltr'><strong>Zethum</strong></span> <span class='ocrx_word' id='word_1_260' title='bbox 1652 3249 1845 3302; x_wconf 86' lang='lat' dir='ltr'><strong>quidem</strong></span> <span class='ocrx_word' id='word_1_261' title='bbox 1877 3248 2063 3298; x_wconf 87' lang='lat' dir='ltr'><strong>durum,</strong></span> <span class='ocrx_word' id='word_1_262' title='bbox 2101 3246 2185 3291; x_wconf 89' lang='lat' dir='ltr'><strong>sed</strong></span> 
     </span>
    </p>
   </div>
   <div class='ocr_carea' id='block_1_7' title="bbox 471 3339 2185 3395">
    <p class='ocr_par' dir='ltr' id='par_1_12' title="bbox 471 3339 2185 3395">
     <span class='ocr_line' id='line_1_33' title="bbox 471 3339 2185 3395; baseline -0.001 -9"><span class='ocrx_word' id='word_1_263' title='bbox 471 3342 794 3395; x_wconf 87' lang='lat' dir='ltr'><strong>Amphionem</strong></span> <span class='ocrx_word' id='word_1_264' title='bbox 812 3342 1014 3387; x_wconf 88' lang='lat' dir='ltr'><strong>lacrimis</strong></span> <span class='ocrx_word' id='word_1_265' title='bbox 1046 3343 1235 3388; x_wconf 91' lang='lat' dir='ltr'><strong>mollem</strong></span> <span class='ocrx_word' id='word_1_266' title='bbox 1268 3343 1532 3395; x_wconf 89' lang='lat' dir='ltr'><strong>nominarit,</strong></span> <span class='ocrx_word' id='word_1_267' title='bbox 1564 3358 1705 3388; x_wconf 93' lang='lat' dir='ltr'><strong>versu</strong></span> <span class='ocrx_word' id='word_1_268' title='bbox 1737 3341 1794 3387; x_wconf 91' lang='grc'><strong>35</strong></span> <span class='ocrx_word' id='word_1_269' title='bbox 1825 3342 2006 3387; x_wconf 86' lang='lat' dir='ltr'><strong>dicere:</strong></span> <span class='ocrx_word' id='word_1_270' title='bbox 2038 3339 2185 3393; x_wconf 80' lang='lat' dir='ltr'><strong>„natis</strong></span> 
     </span>
    </p>
   </div>
   <div class='ocr_carea' id='block_1_8' title="bbox 340 3438 623 3443">
    <p class='ocr_par' dir='ltr' id='par_1_13' title="bbox 340 3438 623 3443">
     <span class='ocr_line' id='line_1_34' title="bbox 340 3438 623 3443; baseline 0 0"><span class='ocrx_word' id='word_1_271' title='bbox 340 3438 623 3443; x_wconf 95' lang='lat' dir='ltr'><strong> </strong></span> 
     </span>
    </p>
   </div>
   <div class='ocr_carea' id='block_1_9' title="bbox 389 3470 1325 3516">
    <p class='ocr_par' dir='ltr' id='par_1_14' title="bbox 389 3470 1325 3516">
     <span class='ocr_line' id='line_1_35' title="bbox 389 3470 1325 3516; baseline 0.002 -7"><span class='ocrx_word' id='word_1_272' title='bbox 389 3472 418 3516; x_wconf 84' lang='lat'><strong>¹)</strong></span> <span class='ocrx_word' id='word_1_273' title='bbox 468 3470 531 3510; x_wconf 82' lang='lat' dir='ltr'><strong>Sic</strong></span> <span class='ocrx_word' id='word_1_274' title='bbox 557 3471 772 3516; x_wconf 66' lang='lat' dir='ltr'><strong>Postgntiu·</strong></span> <span class='ocrx_word' id='word_1_275' title='bbox 798 3486 942 3516; x_wconf 82' lang='lat' dir='ltr'><strong>quoque</strong></span> <span class='ocrx_word' id='word_1_276' title='bbox 969 3476 1007 3509; x_wconf 84' lang='lat' dir='ltr'><strong>in</strong></span> <span class='ocrx_word' id='word_1_277' title='bbox 1032 3476 1195 3510; x_wconf 84' lang='lat' dir='ltr'><strong>editione</strong></span> <span class='ocrx_word' id='word_1_278' title='bbox 1225 3476 1325 3511; x_wconf 85' lang='lat'>1894.</span> 
     </span>
    </p>
   </div>
  </div>
 </body>
</html>
