2566 3886
324 1527 393 1572 17.

326 3140 398 3185 23.

1119 251 1357 298 -53-

450 386 581 432 Huic
611 385 913 431 incommodo
944 383 1231 429 Passeratius
1277 397 1373 427 non
1417 382 1538 427 male
1582 380 1772 426 obviam
1814 380 1866 425 iit
1908 379 2159 424 scribendo

450 482 602 526 haec
648 481 838 532 inter;
884 479 967 524 sed
1008 479 1091 531 qui
1131 478 1303 523 factum
1344 477 1415 529 sit,
1453 485 1504 522 ut
1549 477 1656 521 has
1702 476 1750 520 in
1797 475 1952 520 haec
1997 474 2160 526 abiret,

450 576 606 621 minus
659 575 796 621 facile
847 574 1127 628 intelligitur.
1182 574 1484 627 Quapropter
1534 581 1620 626 ego
1672 571 1822 624 probo
1874 569 2160 624 ingeniosam

450 670 669 724 Scaligeri
699 670 1042 715 coniecturamz

452 767 535 811 has
565 765 688 810 inter
717 765 939 819 graviu
953 779 975 810 s
1005 773 1147 818 cogor
1177 763 1354 808 deflere
1383 762 1600 815 querelas

451 862 609 914 Quam
648 860 784 906 facile
824 859 1069 913 gravius
1111 859 1160 903 in
1190 857 1492 912 gravibus
1523 856 1693 901 mutari
1723 855 1941 909 potuerit,
1972 855 2163 899 demon-

450 966 592 1003 strato
622 971 718 1002 non
749 970 868 1008 opus
898 963 982 1000 est.

451 1052 680 1097 Deflete
711 1050 1001 1096 intransitive
1031 1047 1292 1094 adhibitum
1323 1047 1581 1091 admodum
1612 1060 1787 1097 rarum,
1803 1045 1886 1090 sed
1904 1042 2162 1096 Postgatius

450 1144 629 1205 (Select
646 1145 717 1190 ΕΙ.
734 1160 779 1197 p.
796 1141 880 1202 84)
895 1144 1076 1189 confert
1093 1143 1214 1188 Plin.
1231 1142 1320 1196 Ep.
1350 1141 1489 1193 VIII,
1509 1140 1578 1193 16,
1611 1139 1659 1184 5:
1688 1147 1758 1184 est
1780 1138 1907 1183 enim
1931 1137 2163 1190 quaedam

451 1240 589 1286 etiam
627 1239 818 1285 dolendi
855 1239 1094 1292 voluptas:
1132 1237 1406 1290 praesertim
1438 1236 1477 1281 si
1508 1236 1556 1280 in
1588 1234 1725 1280 amici
1756 1234 1862 1279 sinu
1903 1233 2162 1283 defleas,

449 1336 574 1389 apud
606 1350 748 1388 quem
780 1333 982 1379 lacrimis
1012 1334 1103 1379 tuis
1134 1333 1212 1378 vel
1243 1333 1343 1377 laus
1374 1332 1431 1377 sit
1462 1339 1621 1384 parata
1651 1330 1729 1374 vel
1759 1329 1912 1374 venia.

454 1526 594 1572 ianua
628 1526 706 1571 vel
743 1525 935 1570 domina
969 1524 1156 1578 penitus
1192 1522 1430 1569 crudelior
1465 1521 1566 1574 ipsa

452 1620 711 1666 Burmanni
740 1620 1011 1665 coniectura
1040 1620 1226 1673 elegans
1257 1633 1289 1671 p
1301 1633 1325 1663 r
1338 1633 1365 1663 e
1378 1632 1405 1662 c
1418 1617 1433 1662 i
1447 1617 1478 1661 b
1492 1633 1523 1662 u
1537 1631 1559 1661 s
1589 1631 1677 1670 pro
1707 1631 1738 1669 p
1752 1631 1779 1660 e
1793 1630 1824 1659 n
1839 1615 1854 1659 i
1867 1623 1885 1659 t
1898 1630 1929 1659 u
1943 1629 1966 1658 s
1996 1614 2164 1658 collato

450 1716 575 1762 Vell.
608 1715 670 1768 11,
701 1715 774 1767 27,
808 1715 856 1759 1:

453 1810 762 1864 „penitusque
780 1809 998 1854 Romano
1013 1809 1193 1854 nomini
1210 1808 1563 1854 infestissimus'’
1586 1806 1700 1852 mihi
1723 1820 1915 1859 quoque
1938 1813 1988 1850 ut
2009 1803 2167 1858 pleris-

452 1921 546 1958 que
562 1920 657 1950 non
674 1905 935 1950 necessaria
950 1905 1151 1949 videtur.
1170 1902 1407 1948 Librarios
1433 1902 1626 1955 precib
1636 1917 1710 1955 us,
1737 1917 1859 1955 quae
1875 1916 1970 1946 vox
1986 1915 2167 1945 sescen-

453 2002 539 2046 ties
555 2000 734 2054 legitur,
757 2000 805 2044 in
837 2014 868 2052 p
881 2015 909 2045 e
922 2000 1057 2044 nitu
1071 2014 1093 2044 s
1124 2014 1291 2044 vocem
1318 1999 1409 2044 hoc
1431 2012 1571 2043 sensu
1597 1996 1878 2042 rarissimam
1900 1994 2165 2047 corrupisse

454 2110 550 2141 non
581 2094 835 2141 verisimile
866 2094 1067 2139 videtur.

454 2285 675 2338 Plerique
696 2285 900 2330 editores
921 2285 1013 2330 hoc
1034 2299 1176 2329 versu
1208 2284 1428 2337 turpis,
1460 2284 1589 2336 quod
1606 2284 1764 2336 legunt
1796 2281 1857 2333 O,
1874 2282 1922 2326 in
1956 2280 2168 2326 tristis

454 2389 646 2427 mutant.
665 2380 853 2426 Iniuria.
886 2379 1260 2425 Broukhusium:
1293 2379 1437 2431 „quid
1468 2378 1526 2424 sit
1555 2387 1692 2431 turpe
1723 2392 1819 2422 non
1851 2384 2016 2422 curant
2046 2391 2168 2420 ama-

455 2485 594 2528 tores,
624 2475 797 2529 quibus
828 2475 989 2528 utique
1018 2474 1192 2519 inutilis
1221 2482 1290 2519 est
1318 2474 1500 2526 pudor''
1526 2472 1811 2518 scribentem
1842 2480 1971 2516 recte
2001 2471 2169 2515 refutat

456 2571 728 2624 Risbergius
759 2568 830 2628 (p.
863 2568 916 2628 7)
947 2570 1115 2615 allatis:
1149 2570 1289 2622 Prop.
1323 2569 1384 2621 11,
1420 2568 1489 2621 16,
1521 2567 1604 2613 35:

605 2681 631 2710 a
662 2666 835 2719 pudeat
865 2674 1006 2717 certe,
1037 2663 1234 2718 pudeat!
1266 2664 1354 2708 nisi
1384 2663 1520 2715 forte,
1552 2664 1681 2715 quod
1712 2662 1855 2714 aiunt,

736 2759 942 2813 turpis
973 2774 1141 2804 amor
1171 2759 1326 2804 surdis
1355 2759 1547 2804 auribus
1577 2773 1680 2803 esse
1711 2757 1828 2802 solet

457 2856 648 2907 et:111,
678 2855 750 2907 21,
782 2854 863 2900 33:
909 2855 1080 2907 turpi
1121 2855 1294 2900 fractus
1335 2868 1556 2899 amore.

457 2951 640 2997 Confer
669 2950 808 2996 etiam
839 2949 1201 2995 Rothsteinium.

459 3140 546 3185 Me
577 3139 760 3184 mediae
790 3147 964 3190 noctes,
995 3154 1072 3183 me
1102 3138 1257 3183 sidera
1285 3138 1425 3191 plena
1454 3137 1697 3187 iacentem,

576 3234 833 3288 frigidaque
865 3233 968 3278 Eoo
999 3248 1076 3278 me
1107 3233 1233 3277 dolet
1263 3247 1377 3277 aura
1407 3233 1526 3285 gelu.

462 3329 780 3374 Rothsteinius
837 3337 884 3373 et
940 3327 1257 3372 Phillimorius
1314 3328 1500 3379 plena
1556 3326 1785 3379 integrum
1842 3325 2034 3376 ducunt,
2091 3324 2166 3368 ille

459 3423 604 3471 allatis
645 3422 965 3477 compluribus
1006 3422 1133 3476 locis,
1175 3422 1303 3467 unde
1344 3421 1538 3467 fortasse
1579 3428 1703 3475 patet
1739 3419 1920 3474 plena
1956 3418 2167 3464 sidera
