2566 3886
1158 254 1393 301 „39—

477 398 525 434 to
572 389 728 442 please
775 389 853 433 the
899 402 1001 440 eye.
1048 386 1154 432 The
1200 387 1334 432 latter
1377 385 1517 439 being
1546 386 1626 431 the
1656 393 1808 432 secret
1839 400 2007 431 source
2038 386 2086 431 of
2116 386 2197 431 the

478 484 658 530 former
684 499 765 529 are
795 483 894 528 said
927 498 953 527 c
969 497 999 527 o
1015 497 1046 527 n
1064 483 1095 527 d
1112 497 1139 527 e
1156 497 1181 526 r
1196 497 1237 534 e,
1269 490 1318 526 to
1349 481 1541 527 conceal
1572 482 1745 526 them'’.
1776 481 1912 526 Voce
1944 489 2004 526 ta
2020 496 2046 526 c
2062 481 2077 525 i
2093 489 2111 526 t
2127 496 2158 526 u
2176 496 2197 527 s

481 591 623 636 quam
673 579 1032 625 Herwerdenus
1077 578 1124 623 in
1173 578 1319 631 plac
1336 578 1398 622 id
1414 593 1442 622 a
1487 586 1670 623 mutare
1702 576 1891 622 volebat
1923 576 2196 629 Propertius

478 675 662 728 saepius
692 672 926 732 utitur31)
957 682 1117 719 nostro
1148 674 1255 718 loco
1285 673 1482 726 pulchre
1515 673 1636 717 inter
1657 687 1708 718 se
1736 680 2041 726 opponuntur
2056 686 2194 717 voca-

479 771 617 816 bula:
649 769 794 822 „Non
827 770 1112 814 tumultuosa
1142 769 1258 813 haec
1289 768 1460 812 laetitia
1490 776 1588 820 est;
1621 768 1757 813 tacite
1773 768 1903 813 triste
1917 782 2056 812 suum
2074 781 2194 820 opus

482 865 708 919 persolvit
738 865 857 910 clam
890 864 1036 917 iurgia
1066 864 1188 909 inter
1217 871 1426 908 amantes
1457 863 1681 908 exitans”.

476 1063 523 1100 et
553 1056 674 1100 mala
703 1055 913 1100 desertos
941 1062 1139 1107 occupat
1169 1053 1317 1099 herba
1347 1053 1478 1099 Deos

480 1150 607 1196 Cum
638 1151 849 1196 malae
881 1149 1145 1201 herbae,
1178 1149 1344 1195 mala
1368 1149 1663 1203 gramina
1690 1149 2195 1204 deplantisvenenatis

480 1246 709 1298 dicantur,
743 1245 939 1291 fortasse
971 1260 1082 1290 cum
1113 1244 1316 1290 Heinsio
1347 1245 1599 1299 legendum
1631 1254 1730 1290 est:

480 1349 526 1386 et
554 1355 602 1385 tn
618 1341 676 1385 al
692 1355 720 1386 e
751 1341 962 1386 desertos
993 1347 1193 1394 occupat
1225 1339 1372 1385 herba
1404 1340 1548 1386 Deos.

479 1436 713 1481 Desidero
761 1436 887 1481 enim
934 1435 1164 1489 exempla,
1210 1435 1292 1480 ubi
1338 1450 1385 1480 m
1404 1436 1505 1480 ala
1551 1436 1582 1481 h
1600 1451 1627 1481 e
1645 1435 1760 1480 rba
1805 1436 1931 1481 idem
1964 1436 2022 1481 sit
2051 1444 2194 1489 atque

476 1530 766 1584 Francogall.
798 1531 1142 1576 mauvaise
1175 1530 1381 1576 herbe
1412 1528 1645 1589 (Batavet
1677 1528 2014 1588 onkruid).

1196 1695 1338 1703 ——

1070 1850 1323 1897 ELEGIA
1355 1851 1467 1896 Vll.

478 1985 777 2036 Quamquam
822 1982 1137 2035 Hertzbergio
1167 1980 1387 2039 (Quaest.
1419 1981 1497 2027 lib.
1531 1982 1577 2026 II
1610 1996 1654 2034 p.
1690 1979 1800 2039 116)
1831 1982 2190 2027 concedendum

477 2087 547 2124 est
590 2077 887 2131 Propertium
930 2078 976 2122 in
1021 2078 1189 2123 eodem
1234 2077 1441 2122 carmine
1485 2092 1624 2130 saepe
1667 2093 1694 2122 a
1736 2078 1871 2123 tertia
1901 2092 2102 2130 persona
2132 2078 2190 2122 ad

477 2173 731 2219 secundam
775 2172 985 2224 transire,
1026 2181 1182 2218 tamen
1215 2173 1305 2217 hoc
1336 2187 1478 2218 versu
1509 2188 1605 2218 non
1637 2182 1764 2218 recte
1795 2173 1983 2225 faciunt,
2014 2173 2110 2226 qui.
2143 2182 2193 2218 ut

475 2268 807 2320 Phillimorius,
879 2267 1126 2313 Schraderi
1198 2268 1603 2313 emendationem:
1673 2268 1903 2321 gavisa
1973 2283 2037 2313 es
2104 2283 2191 2321 pro

475 2364 703 2418 gavisa
764 2373 863 2409 est
923 2372 1164 2417 spernunt,
1225 2379 1333 2408 cum
1396 2364 1443 2408 in
1505 2365 1592 2408 hac
1654 2363 1800 2417 elegia
1857 2378 1950 2417 qua
2013 2363 2190 2409 amicae

475 2460 739 2514 gratulatur,
771 2460 899 2513 quod
931 2460 1124 2505 molesta
1155 2460 1231 2505 illa
1261 2460 1337 2505 lex
1368 2459 1547 2505 sublata
1577 2459 1647 2512 sit,
1680 2459 1790 2505 inde
1821 2475 1848 2504 a
1878 2460 2032 2513 primo
2048 2475 2189 2505 versu

475 2564 660 2609 poetam
691 2555 863 2609 alloqui
895 2555 1151 2608 Cynthiam
1183 2564 1551 2601 consentaneum
1584 2564 1667 2600 est.

476 2746 586 2792 Hoc
617 2761 807 2800 quoque
838 2747 941 2792 loco
972 2746 1077 2792 luce
1108 2747 1277 2792 clarius
1307 2755 1512 2799 apparet,
1535 2756 1824 2801 quantopere
1849 2747 2189 2801 Neapolitanus

475 2841 642 2886 ceteris
692 2842 910 2887 omnibus
959 2842 1199 2887 codicibus
1249 2850 1478 2895 praestet;
1525 2843 1650 2888 solus
1695 2843 1821 2888 enim
1869 2843 1931 2888 ni
1978 2840 2057 2900 (=
2102 2841 2189 2900 ne)

475 2936 711 2989 antiquam
753 2936 1001 2981 lectionem
1045 2945 1224 2989 servat;
1270 2937 1582 2982 Baehrensius
1625 2953 1653 2982 a
1690 2946 1956 2983 ceterorum
1988 2937 2188 2982 lectione

476 3045 507 3083 q
523 3045 555 3074 u
571 3029 586 3074 i
603 3044 624 3074 s
669 3030 906 3082 profectus
935 3030 1107 3076 frustra
1151 3046 1183 3083 q
1200 3046 1231 3076 u
1247 3046 1276 3076 o
1293 3032 1324 3076 d
1370 3032 1583 3077 coniecit.

344 3217 385 3262 7.
403 3217 444 3263 8.
476 3234 584 3264 nam
615 3218 749 3264 citius
779 3228 963 3271 paterer
994 3229 1132 3274 caput
1163 3221 1252 3266 hoc
1284 3221 1526 3267 discedere
1558 3224 1678 3267 collo

594 3328 735 3365 quam
766 3328 952 3366 possem
985 3323 1157 3367 nuptae
1187 3317 1388 3369 perdere
1419 3331 1550 3361 more
1582 3317 1718 3361 taces.

394 3430 419 3477 ι)

468 3435 514 3468 cf.
538 3431 566 3469 Ι.
592 3435 625 3469 4.
654 3435 708 3469 14.
