2566 3886
323 1424 393 1469 72.

323 1543 394 1589 73.

323 1662 394 1707 75.

323 2068 395 2114 81.

1115 226 1382 272 -296-

456 370 612 409 neque
643 364 808 409 pateat,
841 371 926 401 cur
956 355 1173 402 librarius
1203 357 1342 402 talem
1375 373 1566 403 versum
1598 359 1797 404 finxerit.
1828 359 2010 406 Versus
2041 359 2172 407 8288

454 459 624 502 autem,
656 450 737 495 ubi
769 466 895 496 nunc
928 451 1153 504 legantur,
1186 461 1312 497 recte
1339 453 1442 506 legi,
1474 468 1560 499 suo
1592 454 1697 500 loco
1725 455 2072 501 demonstrabo.

455 545 661 590 Versum
695 545 748 590 71
784 545 1097 591 Baehrensius
1129 547 1289 592 scribit

608 641 719 692 Quo
750 641 861 693 ruis,
893 641 1183 694 imprudens,
1215 651 1345 695 vage,
1378 642 1536 688 dicere
1574 644 1752 695 iacta,
1791 643 2047 698 Properti?

456 735 502 779 Is
533 744 661 780 recte
692 735 885 787 quidem
917 736 1132 780 adnotat:
1171 737 1328 788 „nuda
1365 737 1390 781 f
1396 745 1493 782 ata
1523 753 1618 782 non
1651 746 1759 783 sunt
1789 739 1980 792 antiqua
2010 741 2171 795 populi

458 830 661 875 Romani
704 830 840 882 fata”,
884 831 967 875 sed
1011 832 1267 884 astrologus
1307 832 1570 885 interpellat
1600 841 1801 886 poetam,
1832 836 1961 887 quod
1991 850 2170 882 novum

455 940 573 977 opus
605 934 795 978 surgere
826 926 1100 978 praedicere
1132 927 1325 979 audeat3
1368 927 1393 971 f
1399 935 1496 972 ata
1526 927 1663 981 igitur
1693 928 2007 975 retinendum.

456 1019 778 1065 Rothsteinius
809 1035 905 1065 non
936 1029 1064 1065 recte
1095 1021 1405 1074 interpungit:

608 1115 719 1167 Quo
750 1116 861 1168 ruis,
894 1116 1183 1168 imprudens,
1215 1115 1371 1170 vage}>
1402 1117 1561 1162 dicere
1594 1118 1684 1163 lata
1716 1118 1968 1173 Properti?

454 1211 711 1264 astrologus
739 1211 1038 1263 Propertium
1067 1212 1294 1257 allocutus
1323 1227 1419 1257 non
1451 1212 1643 1258 dixisset
1674 1213 1800 1259 fata
1830 1214 2171 1269 Propertii,

455 1306 539 1351 sed
570 1314 587 1351 t
600 1321 631 1351 u
645 1321 673 1351 a
709 1306 726 1351 f
738 1321 765 1351 a
777 1314 795 1350 t
807 1321 847 1351 a.

457 1425 533 1469 De
564 1424 714 1469 verbo
745 1440 771 1469 c
785 1440 814 1470 0
826 1441 857 1469 n
872 1426 902 1469 d
915 1425 929 1469 i
943 1434 960 1470 t
974 1440 1002 1470 a
1032 1425 1318 1470 conferenda
1349 1435 1418 1471 est
1450 1426 1731 1472 Rothsteinii
1763 1428 2013 1475 adnotatio.

455 1544 640 1589 Verum
672 1544 870 1589 restituit
902 1544 1240 1590 Baehrensius:
1272 1545 1472 1591 accersis
1502 1546 1715 1592 lacrimas
1746 1562 1772 1592 c
1785 1563 1812 1592 a
1825 1563 1855 1592 n
1868 1556 1886 1592 t
1898 1563 1926 1593 a
1938 1564 1969 1594 n
1983 1564 2005 1594 s
2028 1546 2083 1607 ¹).

457 1671 584 1708 certa
614 1663 763 1708 feram
795 1662 934 1708 certis
966 1662 1249 1715 auctoribus,
1281 1672 1361 1709 aut
1392 1673 1479 1717 ego
1509 1673 1641 1710 vates

525 1759 711 1804 nescius
742 1766 898 1803 aerata
928 1758 1057 1811 signa
1087 1773 1283 1803 movere
1314 1759 1421 1812 pila.

456 1854 550 1899 Pro
587 1863 687 1899 aut
719 1854 984 1899 Muellerus
1016 1863 1061 1899 et
1093 1854 1407 1900 Baehrensius
1438 1855 1583 1900 haut
1614 1856 1786 1910 legunt,
1818 1873 1914 1903 non
1947 1867 2089 1911 recte,
2122 1868 2174 1905 ut

457 1950 651 2003 opinor;
695 1958 798 1995 aut
840 1959 951 2004 ego
995 1950 1023 1994 i.
1041 1966 1082 1995 e.
1127 1959 1207 1995 aut
1237 1952 1379 1996 crede
1413 1967 1489 1997 me
1521 1951 1704 1997 nescire
1734 1953 2043 2007 astrologiam.

459 2069 637 2114 Iniuria
691 2069 869 2122 sprevit
927 2069 1242 2115 Baehrensius
1302 2070 1527 2123 optimam
1578 2070 1878 2124 Neapolitani
1924 2072 2173 2119 lectionem

457 2180 619 2209 nunc
651 2180 738 2217 pro
770 2166 829 2210 in
861 2163 1022 2223 (DF),
1054 2181 1196 2218 quam
1230 2165 1278 2210 in
1311 2180 1382 2210 en
1415 2174 1575 2211 mutat.

456 2283 569 2328 Post
600 2282 657 2328 82
688 2285 914 2328 nonnulla
936 2284 1166 2329 excidisse
1190 2284 1482 2329 Hartmanus
1507 2284 1675 2337 statuit,
1702 2285 1749 2330 in
1775 2285 1947 2339 quibus
1971 2286 2173 2333 verbum

457 2474 689 2518 iterata
720 2482 793 2518 etc
823 2473 1106 2525 pendebant.

456 2567 692 2620 Tyrellius
736 2582 878 2620 quem
923 2575 1111 2611 secutus
1154 2576 1223 2611 est
1266 2567 1587 2612 Phillimorius
1631 2568 1787 2612 locum
1832 2569 1999 2622 corrigi
2035 2585 2174 2623 posse

458 2671 583 2707 ratus
616 2670 791 2707 mutata
821 2661 1197 2714 interpunctione
1230 2662 1483 2706 fallitur
1513 2677 1664 2707 auro
1696 2662 1988 2715 Iuppiter
2019 2665 2066 2709 in
2098 2680 2174 2718 pa-

457 2757 662 2803 renthesi
695 2758 862 2811 posuit,
895 2757 1279 2810 accusativosque
1310 2766 1561 2811 sequentes
1592 2773 1619 2802 a
1649 2759 1922 2810 pretium
1954 2760 2173 2806 fecere

456 2854 667 2906 pendere
698 2853 860 2898 voluit.
893 2851 985 2898 Sed
1017 2861 1145 2897 recte
1178 2851 1292 2897 Otto
1325 2849 1426 2909 (1.1.
1460 2867 1504 2905 p.
1540 2850 1622 2910 14)
1653 2861 1816 2898 contra
1846 2855 1967 2900 hanc
1992 2870 2173 2902 correc-

456 2949 633 2994 tionem
666 2948 904 2993 observat:
938 2948 1044 3001 „die
1078 2948 1365 2993 Parenthese
1396 2947 1453 2992 ist
1484 2948 1768 3001 unstatthaft,
1800 2950 1861 2994 da
1891 2950 1968 2995 die
1999 2950 2171 2997 beiden

459 3043 595 3089 Siitze
636 3044 907 3096 pretium
950 3044 1168 3089 fecere
1212 3045 1363 3089 deos
1401 3044 1500 3088 und
1537 3043 1790 3089 fallitur
1828 3059 1979 3090 auro
2017 3045 2174 3099 Iupi-

459 3148 553 3184 ter
584 3148 702 3192 ganz
733 3139 951 3191 parallele
983 3138 1250 3184 Gedanken
1283 3140 1614 3193 aussprechen,
1646 3140 1712 3184 sie
1744 3139 1802 3184 ist
1832 3140 1952 3185 auch
1983 3155 2042 3185 an
2073 3141 2172 3186 und

458 3234 536 3279 fiir
566 3233 666 3279 sich
697 3249 759 3278 zu
791 3234 1071 3278 kiinstlich''.

377 3353 407 3398 ι)
457 3356 502 3389 es.
529 3355 676 3389 cunm.
705 3354 844 3396 nyma.
870 3355 906 3389 in
933 3354 1062 3389 eam.
1091 3354 1152 3389 18:
1188 3342 1253 3398 μὴ
1284 3342 1348 3397 μὴ
1391 3345 1535 3384 ταῦτα
1570 3339 1786 3398 λέγωμες,
1822 3344 1854 3384 ἅ
1889 3339 2173 3397 δάκρυον

458 3415 651 3471 ἄγαγε
681 3411 811 3469 Δηοῖ.
