2566 3886
334 984 403 1030 17.

328 2219 400 2265 23.

328 2599 400 2645 25.

1119 280 1386 327 -193-

463 416 599 461 sedes
626 414 878 460 mutavisse
908 413 1162 466 probabilis
1192 421 1261 458 est
1291 413 1561 458 coniectura
1591 411 1929 458 Cornelissenii
1960 409 2173 470 (Mnem.

466 510 531 555 N.
600 509 645 555 S.
706 510 799 554 vol.
860 508 958 553 VII
1022 506 1138 552 1879
1198 522 1243 560 p.
1308 504 1434 565 103),
1495 506 1570 552 cui
1634 506 1924 552 Hartmanus
1984 521 2174 561 quoque

463 605 796 658 adstipulatum
827 603 1010 648 socius
1055 603 1308 655 corporis
1339 603 1453 657 quid
1485 603 1572 647 sibi
1603 603 1730 655 velit,
1761 618 1857 647 non
1873 602 2172 655 perspicuum

463 709 555 745 est:
587 700 702 744 nihil
732 699 859 744 enim
890 699 1080 751 prodest
1110 698 1429 751 interpretatio
1459 697 1720 743 Kuinoelii:
1753 697 1991 751 „corporis
2022 696 2175 741 socius

464 804 534 841 est
563 795 615 847 is,
647 794 728 848 qui
759 794 1008 839 continuus
1039 808 1198 838 comes
1229 793 1360 838 lateri
1391 792 1656 837 adhaeret”.

466 984 577 1029 Hoc
637 998 779 1029 versu
840 998 948 1028 cum
993 981 1226 1036 Postgatio
1277 979 1411 1039 (CR.
1459 981 1571 1034 XV,
1618 996 1663 1034 p.
1710 979 1824 1039 411)
1870 982 2080 1026 solum
2126 981 2175 1026 in

466 1094 488 1124 s
504 1094 533 1124 o
546 1078 645 1123 eiu
659 1094 706 1123 m
732 1078 1008 1122 mutandum
1026 1091 1128 1122 esse
1143 1091 1329 1121 censeo·
1346 1075 1494 1120 Totus
1510 1076 1647 1130 igitur
1661 1077 1791 1121 locus
1808 1076 1874 1121 sic
1890 1076 2176 1121 restituatur:

468 1173 522 1219 15
583 1182 629 1219 te
660 1172 904 1218 dominum
936 1171 1073 1223 vitae,
1105 1180 1151 1216 te
1182 1171 1392 1223 corporis
1423 1186 1526 1216 esse
1556 1170 1728 1223 licebit,

466 1268 521 1314 16
664 1276 709 1312 te
741 1267 920 1312 socium
951 1266 1145 1311 admitto
1176 1266 1331 1318 rebus,
1363 1265 1527 1318 amice,
1558 1265 1701 1310 meis:

466 1364 520 1408 17
582 1364 702 1408 lecto
733 1371 779 1407 te
811 1361 1005 1413 socium,
1037 1362 1158 1406 lecto
1189 1370 1235 1405 te
1267 1361 1498 1414 deprecor
1528 1375 1637 1406 uno.

463 1459 607 1511 Quod
668 1458 740 1502 his
786 1456 1067 1501 coniecturis
1112 1456 1313 1509 receptis
1358 1471 1467 1501 soc
1484 1456 1498 1500 i
1516 1472 1547 1500 u
1564 1471 1611 1500 m
1658 1455 1730 1501 bis
1776 1457 2015 1510 repetitur,
2061 1458 2175 1502 mihi

460 1554 599 1607 plane
642 1567 701 1597 ex
744 1566 876 1596 more
908 1550 1140 1604 Propertii
1172 1565 1275 1595 esse
1307 1550 1508 1602 videtur,
1540 1552 1667 1604 quod
1700 1560 1861 1596 contra
1892 1552 2176 1606 Postgatium

459 1648 676 1700 observo,
707 1646 788 1700 qui
819 1661 928 1691 cum
960 1646 1080 1690 hanc
1112 1645 1438 1698 repetitionem
1471 1645 1648 1690 evitare
1669 1647 1823 1699 vellet,
1847 1661 2012 1693 versus
2032 1647 2100 1692 15.
2120 1647 2176 1693 16

462 1744 528 1789 sic
559 1743 729 1788 edidit:

579 1847 624 1883 te
655 1837 834 1882 socium
866 1837 1003 1888 vitae,
1036 1844 1081 1880 te
1112 1835 1314 1888 pectoris
1345 1850 1448 1880 esse
1480 1835 1637 1880 licebit

696 1941 742 1977 te
774 1931 1019 1977 dominum
1051 1931 1245 1976 admitto
1276 1931 1433 1982 rebus,
1463 1930 1627 1982 amice,
1659 1930 1790 1983 meis,

462 2043 603 2074 versu
638 2026 692 2072 13
724 2036 965 2081 praeterea
1011 2041 1042 2079 p
1056 2042 1083 2071 e
1099 2041 1126 2071 c
1142 2034 1159 2070 t
1176 2041 1206 2071 u
1223 2041 1245 2070 s
1291 2026 1339 2070 in
1391 2041 1417 2070 c
1433 2041 1463 2071 o
1479 2041 1503 2070 r
1519 2041 1549 2079 p
1566 2042 1597 2071 u
1615 2041 1636 2071 s
1682 2034 1872 2071 mutato.

461 2218 565 2265 Cur
609 2219 700 2263 hoc
744 2231 886 2262 versu
932 2231 1024 2261 me
1069 2215 1270 2261 fallet
1315 2213 1417 2274 (Ο)
1463 2217 1650 2262 lectioni
1697 2217 1747 2262 N
1794 2218 1978 2263 fallet
2023 2215 2176 2276 me¹)

459 2315 753 2366 anteierram,
785 2313 967 2358 discere
998 2312 1105 2357 licet
1135 2327 1194 2357 ex
1225 2320 1359 2357 acuta
1391 2311 1658 2358 Housmani
1689 2313 2000 2365 disputatione
2031 2311 2175 2371 (JPh.

462 2409 599 2454 XXI.
631 2424 676 2462 p.
711 2406 837 2466 151).

461 2599 785 2644 Vehementer
826 2606 996 2649 errant,
1027 2597 1107 2651 qui
1141 2597 1252 2643 inde
1283 2598 1342 2642 ab
1373 2598 1464 2643 hoc
1495 2613 1637 2643 versu
1668 2613 1777 2643 cum
1810 2598 1952 2651 Casp.
1986 2599 2176 2645 Barthio

459 2708 632 2739 novam
663 2692 892 2745 incipiunt
923 2691 1131 2745 elegiam,
1157 2692 1205 2736 in
1222 2707 1424 2745 quorum
1442 2707 1640 2737 numero
1658 2692 1970 2738 Baehrensius
1986 2709 2176 2747 quoque

459 2796 542 2833 est.
574 2787 826 2840 Postquam
858 2786 984 2831 enim
1016 2795 1153 2839 poeta
1182 2786 1339 2831 iocose
1369 2787 1572 2832 amicum
1601 2788 1882 2840 perstrinxit,
1899 2789 2026 2841 quod
2043 2803 2174 2833 suam

458 2883 661 2935 puellam
708 2896 864 2926 amare
907 2881 1150 2933 coepisset,
1197 2881 1308 2926 dicit
1353 2898 1501 2927 unum
1548 2898 1598 2927 se
1636 2883 1879 2928 didicisse:
1911 2883 2082 2928 Amori
2114 2898 2174 2927 ne

459 2990 651 3020 severos
693 2975 884 3028 quidem
916 2975 1130 3020 homines
1161 2975 1377 3021 resistere
1408 2992 1569 3029 posse3
1601 2992 1759 3022 coram
1791 2979 1995 3022 formosa
2020 2978 2175 3030 puella

460 3084 624 3114 omnes
654 3078 903 3121 praecepta
933 3069 1126 3114 moralia
1156 3070 1383 3115 oblivisci.

392 3169 395 3172 '
460 3162 538 3215 „Si
569 3163 673 3216 quis
707 3163 821 3208 mihi
838 3163 1043 3215 dixisset,
1061 3163 1218 3216 inquit
1234 3173 1396 3216 poeta:
1414 3180 1581 3210 caveas
1597 3165 1799 3210 amicum
1818 3174 1949 3210 tuum
1968 3166 2174 3218 Lyncea,

460 3257 556 3301 noli
587 3256 631 3301 ei
662 3265 791 3302 tuam
808 3258 1010 3309 puellam
1028 3259 1338 3311 committere,
1354 3259 1561 3305 risissem
1581 3275 1738 3313 neque
1753 3269 1847 3305 tam
1865 3260 1989 3313 turpi
2005 3262 2176 3306 calum-

378 3456 404 3501 ι)
452 3459 745 3500 Neapolitanum
772 3460 917 3500 saepius
941 3461 1146 3494 verborum
1172 3461 1340 3495 ordinem
1366 3462 1575 3502 corrupisse
1595 3464 1794 3497 ostendunt
1819 3463 1857 3503 ll,
1884 3462 2057 3504 15‚ss;1,
2073 3462 2128 3503 10,
2142 3463 2176 3497 3.

2031 3530 2077 3567 13
