2566 3886
1102 253 1370 299 *106—

444 384 635 436 putavit.
683 383 850 435 „Haec
897 384 1071 437 elegia”
1115 384 1267 436 inquit
1298 400 1354 437 „e
1385 385 1568 430 duabus
1599 400 1694 431 non
1727 386 1866 431 unius
1896 388 2157 440 argumenti

440 479 637 531 coaluit;
664 479 780 524 nihil
812 480 1026 525 certius”.
1062 480 1452 525 Hemsterhusius
1472 478 1512 538 1)
1543 496 1734 534 quoque
1758 482 1934 534 primos
1951 483 2156 528 sedecim

443 590 608 621 versus
640 576 926 628 seperandos
958 591 1060 621 esse
1092 575 1392 621 Broukhusio
1423 577 1680 622 assentiens
1711 592 1793 623 eos
1823 578 1968 631 priori
1985 579 2158 633 elegiae

443 679 691 716 conectere
738 671 900 716 voluit.
946 671 1279 716 Lachmannus
1321 687 1381 716 ex
1412 680 1570 717 nostra
1601 672 1747 726 elegia
1777 673 1894 718 duas
1924 673 2034 718 fecit
2062 670 2158 732 (vs.

447 767 592 813 1--16
638 776 683 812 et
733 767 785 812 17
834 782 985 820 usque
1031 768 1090 812 ad
1128 764 1312 825 finem),
1343 767 1420 812 cui
1452 767 1541 812 viri
1573 768 1699 812 docti
1731 767 1940 813 Mueller
1971 767 2158 814 Vahlen

443 862 657 916 Postgate
690 863 783 907 Ites
813 860 918 921 (De
951 863 1091 916 Prop.
1124 864 1238 916 eleg.
1271 863 1393 908 inter
1423 878 1474 908 se
1506 863 1712 916 conexis,
1729 879 1774 917 p.
1793 861 1877 922 27)
1896 864 2160 916 adstipulati

445 967 566 1003 sunt.
616 958 688 1003 Ex
731 958 903 1011 quibus
936 959 1102 1004 Itesius
1134 967 1276 1003 totam
1309 959 1632 1011 quaestionem
1665 958 2015 1012 diligentissime
2046 967 2160 1004 trac-

444 1054 558 1099 tavit
606 1054 887 1099 Rothsteinii
933 1063 1206 1108 argumenta
1251 1055 1423 1107 quibus
1455 1054 1493 1099 is
1524 1055 1847 1100 demonstrare
1878 1056 1981 1099 vult
2011 1070 2159 1100 unum

445 1166 548 1196 esse
580 1166 770 1196 carmen
803 1158 1015 1195 nostrum
1047 1147 1305 1208 (Anhangz
1338 1165 1382 1202 p.
1415 1147 1529 1208 343)
1546 1150 1751 1195 refutare
1768 1150 1975 1195 studens.
1993 1149 2162 1195 Scribit

445 1255 601 1292 autem
636 1246 802 1291 Itesius
832 1243 970 1304 (1.l.):
1003 1246 1316 1299 „offendimus
1348 1246 1385 1291 si
1408 1246 1595 1291 codices
1617 1246 1873 1299 sequimur,
1892 1261 1948 1290 ea
1963 1261 2016 1291 re
2032 1245 2160 1298 quod

446 1343 542 1387 duo
588 1350 861 1395 argumenta
906 1350 999 1386 tam
1047 1341 1235 1386 diversa
1281 1357 1375 1386 una
1410 1342 1556 1394 elegia
1586 1341 1946 1395 coniunguntur.
1979 1341 2161 1386 Versus

449 1438 594 1483 1-16
637 1438 763 1482 enim
809 1438 869 1482 de
900 1446 999 1482 arte
1030 1437 1233 1490 elegiaca
1262 1445 1403 1490 agunt
1433 1451 1555 1490 quae
1587 1435 1823 1489 Cynthiae
1855 1436 2161 1481 admiratione

446 1533 715 1579 defenditur
760 1530 856 1590 (vs.
904 1531 972 1591 7),
1019 1532 1187 1585 reliqui
1234 1540 1473 1577 mortuum
1520 1540 1571 1577 ut
1613 1532 1733 1576 colat
1763 1532 1840 1576 illa
1871 1540 2044 1584 optant.
2079 1531 2162 1576 Est

445 1630 638 1682 quidem
670 1628 936 1674 communis
967 1628 1197 1673 sententia
1227 1642 1349 1680 quae
1381 1627 1619 1681 coniungit
1634 1636 1815 1680 partes:
1839 1636 2039 1680 utroque
2056 1627 2160 1672 loco

445 1726 656 1770 favorem
688 1725 872 1777 puellae
903 1724 1097 1777 adipisci
1129 1724 1231 1769 vult
1261 1731 1412 1776 poeta,
1444 1723 1527 1768 sed
1560 1738 1635 1768 res
1666 1724 1805 1776 plane
1833 1723 2049 1768 diversae
2066 1738 2160 1768 non

446 1822 508 1867 ob
539 1837 644 1866 eam
676 1836 864 1866 causam
897 1820 1295 1865 confunduntur”.
1825 1883 1830 1887 ,

442 1917 631 1962 Deinde
647 1917 861 1962 refellere
878 1924 1075 1961 conatur
1105 1923 1377 1969 argumenta
1407 1914 1578 1968 quibus
1617 1914 1938 1960 Rothsteinius
1970 1915 2161 1966 demon-

445 2022 591 2057 strare
623 2013 724 2057 vult
754 2027 896 2057 unam
929 2026 1031 2056 esse
1063 2010 1272 2064 elegiam.
1306 2009 1601 2055 Rothsteinio
1633 2009 1806 2054 dicenti
1836 2006 1908 2067 (p.
1940 2007 2028 2054 218
2061 2009 2162 2054 eius

447 2106 585 2166 edit.)
616 2124 764 2154 unum
797 2108 1061 2153 coalescere
1093 2121 1283 2152 carmen
1315 2121 1375 2151 ex
1407 2105 1478 2150 his
1509 2104 1695 2151 duobus
1720 2104 2017 2158 argumentis,
2033 2105 2162 2158 quod

447 2204 703 2257 Cynthiam
758 2203 903 2248 solam
958 2212 1082 2247 amat
1127 2211 1266 2255 poeta
1308 2209 1405 2246 toto
1452 2215 1512 2245 ex
1558 2200 1715 2245 animo
1761 2200 1918 2252 itaque
1961 2209 2161 2245 mortem

445 2308 683 2353 exspectat
727 2297 860 2357 („die
909 2298 1190 2350 Erwartung
1235 2297 1365 2342 eines
1411 2297 1566 2341 nahen
1598 2295 1771 2347 TodeS,
1804 2295 1890 2339 der
1921 2294 2063 2340 selbst
2094 2295 2160 2339 als

446 2396 552 2440 eine
615 2393 1021 2440 unvermeidliche
1084 2392 1230 2445 Folge
1291 2391 1413 2436 eben
1470 2390 1601 2444 ienes
1656 2390 2161 2436 Liebesverhiiltnisses

431 2487 723 2547 erscheint”)
768 2489 1023 2542 respondet
1065 2487 1256 2532 Itesius:
1307 2487 1389 2532 sed
1436 2486 1618 2531 initium
1666 2486 1724 2530 el.
1774 2485 1827 2530 13
1875 2501 1970 2531 non
2003 2486 2161 2531 dicere

446 2587 570 2631 vult:
626 2601 766 2638 „mox
819 2592 1031 2629 mortuus
1084 2583 1195 2628 ero”
1252 2582 1358 2627 sed:
1414 2582 1597 2634 „facere
1650 2596 1746 2626 non
1790 2597 1996 2634 possum,
2045 2582 2159 2635 quin

449 2670 617 2723 elegias
663 2669 872 2714 canam”.
912 2666 1142 2712 Concedo
1175 2665 1523 2710 Rothsteinium
1556 2680 1747 2710 carmen
1779 2664 1934 2710 minus
1964 2665 2162 2710 feliciter

450 2780 681 2816 enarasse,
714 2778 870 2816 neque
901 2771 1057 2807 tamen
1076 2777 1184 2807 cum
1203 2761 1343 2805 Itesio
1359 2775 1549 2805 carmen
1567 2760 1781 2805 dividere
1797 2760 1955 2804 velim.
1974 2760 2161 2813 Elegiae

447 2862 589 2913 enim,
622 2869 671 2905 ut
702 2860 793 2904 iam
826 2859 885 2903 ad
918 2858 1111 2911 elegiam
1142 2856 1191 2901 X
1217 2856 1481 2907 observavi,
1513 2856 1561 2900 in
1594 2857 1680 2900 hac
1697 2863 1826 2908 parte
1843 2855 1948 2900 libri
1966 2855 2159 2900 secundi

447 2956 561 3002 mihi
592 2956 654 3000 ita
684 2955 806 2999 inter
836 2969 886 2998 se
917 2954 1172 2998 cohaerere
1203 2951 1448 2996 videntur:
1481 2959 1727 3004 postquam
1756 2959 1894 3003 poeta
1920 2950 2159 3002 intellexit,

447 3052 598 3096 solum
631 3066 682 3095 se
711 3051 921 3095 futurum
954 3063 1071 3100 esse,
1103 3047 1325 3102 quoniam
1357 3046 1566 3099 Cynthia
1614 3061 1663 3091 se
1708 3061 1802 3091 non
1846 3046 1938 3090 iam
1985 3054 2161 3090 amaret

447 3145 530 3204 (el.
561 3144 704 3203 9,46),
737 3144 950 3198 sequenti
995 3143 1203 3188 carmine
1250 3144 1310 3187 de
1351 3143 1507 3195 puella
1537 3157 1632 3187 non
1664 3141 1755 3186 iam
1788 3141 1989 3195 cogitare
2019 3149 2159 3194 atque

447 3242 595 3287 maius
626 3256 745 3293 opus
776 3255 971 3285 movere
1002 3240 1103 3284 vult
1134 3246 1180 3283 et
1210 3238 1418 3283 carmine
1450 3237 1702 3282 undecimo
1733 3237 1875 3281 iratus
1907 3236 2159 3281 exclamat:

448 3352 509 3381 sc
526 3336 741 3381 ribant
782 3336 855 3380 de
900 3344 959 3379 te
1004 3334 1133 3379 alii.
1181 3332 1273 3378 Sed
1320 3331 1542 3385 paulatim
1574 3346 1706 3376 amor
1736 3331 1919 3385 puellae
1950 3330 2083 3382 redit,
2115 3338 2161 3375 et

366 3454 390 3500 ¹)
443 3458 481 3491 in
506 3458 594 3492 edit.
622 3457 836 3498 Burmanni,
863 3468 896 3497 p.
922 3456 1003 3490 9³9.
