2566 3886
379 401 421 446 6.
625 401 800 446 incedit
830 402 906 446 vel
940 402 1055 447 Iove
1087 402 1225 456 digna
1255 418 1402 448 soror.

484 496 598 541 Non
643 498 787 542 credo
830 499 945 543 haec
989 498 1136 543 verba
1178 507 1306 543 recte
1346 498 1512 543 tradita
1542 513 1659 550 esse,
1691 514 1799 544 nam
1831 499 2035 552 primum
2066 509 2202 554 aegre

482 592 803 637 desideramus
846 592 1226 638 coniunctionem
1270 594 1650 647 comparativam,
1694 595 1866 640 deinde
1909 596 2014 648 quis
2057 596 2203 641 verba

481 686 707 732 obscura:
758 687 910 732 Iove
960 687 1157 741 digna
1209 703 1389 733 soror
1435 698 1621 734 vertere
1666 689 1858 734 audebit
1903 705 2011 735 cum
2060 690 2203 736 Roth-

483 782 649 827 steinio
681 782 897 835 „incedit,
930 791 981 827 ut
1011 783 1166 835 puella
1196 783 1335 837 digna
1366 798 1486 837 quae
1518 784 1594 829 vel
1627 784 1752 829 Iovis
1784 784 1990 830 coniunx
2021 785 2205 830 esset’'?

485 877 757 923 Baehrensii
788 878 1058 923 coniectura
1095 879 1231 923 solo
1268 894 1355 931 pro
1393 893 1574 924 soror
1610 879 1820 932 languet3
1853 888 1939 933 ego
1969 895 2202 934 propono:

484 988 601 1018 ceu
650 973 820 1018 Iovis
851 973 984 1026 ipsa
1014 988 1206 1019 soror.

379 1163 421 1209 9.
484 1164 649 1216 Qualis
681 1173 727 1209 et
759 1164 1065 1209 Ischomache
1097 1164 1325 1217 Lapithae
1356 1173 1502 1218 genus
1534 1165 1744 1217 heroine,

635 1259 886 1305 Centauris
919 1259 1076 1304 medio
1107 1268 1233 1313 grata
1263 1260 1426 1313 rapina
1457 1275 1609 1313 mero;

484 1354 730 1400 Mercurio
764 1367 803 1408 4-
838 1355 946 1399 satis
976 1354 1125 1399 fertur
1156 1354 1421 1399 Boebeidos
1452 1355 1589 1400 undis

637 1449 900 1503 virgineum
933 1449 1086 1501 primo
1119 1450 1438 1502 composuisse
1470 1450 1601 1495 latus.

482 1545 755 1597 Antequam
803 1544 895 1589 dici
942 1544 1100 1598 possit,
1143 1544 1256 1597 quid
1289 1559 1376 1596 pro
1407 1554 1630 1597 corrupto
1661 1545 1810 1590 satis
1841 1546 2092 1599 legendum
2131 1546 2202 1599 sit,

484 1648 710 1685 statuatur
726 1654 919 1684 necesse
936 1648 1019 1691 est,
1042 1648 1200 1684 utrum
1218 1654 1304 1692 pro
1337 1655 1368 1692 p
1381 1639 1528 1684 rimo
1562 1639 1816 1685 Turnebus
1836 1649 1964 1685 recte
1998 1640 2036 1685 B
2050 1641 2203 1686 rimo

482 1734 720 1787 scripserit
736 1749 901 1779 necne.
920 1734 1050 1778 Inter
1080 1749 1176 1786 eos,
1208 1734 1290 1786 qui
1324 1734 1509 1779 Brimo
1526 1750 1621 1779 non
1639 1743 1765 1780 recte
1782 1736 2083 1780 emendatum
2100 1750 2204 1780 esse

484 1830 660 1882 dicunt,
709 1829 1053 1883 Hertzbergius
1074 1826 1115 1887 l)
1168 1829 1382 1874 Turnebi
1434 1830 1812 1876 emendationem
1859 1831 1967 1876 ideo
2012 1831 2203 1885 spernit,

486 1925 709 1978 quoniam
739 1925 1024 1979 Proserpina
1051 1940 1107 1970 ea
1135 1925 1236 1977 ipsa
1266 1926 1326 1970 de
1364 1940 1518 1977 causa,
1549 1927 1678 1978 quod
1711 1926 1956 1971 Mercurio
1987 1926 2075 1971 sibi
2105 1927 2203 1971 vim

483 2022 637 2066 facere
654 2021 841 2066 conanti
859 2020 1093 2073 restiterit,
1126 2020 1287 2065 Brimo
1318 2021 1547 2074 appellata
1577 2021 1648 2073 sit,
1680 2021 1737 2065 cf.
1769 2021 1934 2066 Tzetz.
1967 2022 2204 2075 Lycophr.

484 2115 592 2169 698;
625 2118 708 2162 sed
740 2117 799 2161 ad
831 2131 1023 2161 versum
1056 2115 1144 2161 680
1175 2116 1301 2161 idem
1333 2115 1537 2161 Tzetzes
1567 2125 1778 2160 annotat:

543 2210 839 2255 ἐπεισελθὼν
867 2217 922 2268 τῇ
947 2209 1118 2268 Ἑκάτῃ
1150 2216 1271 2268 τρεῖς
1300 2212 1436 2268 ἔσχεν
1466 2210 1517 2262 ἐξ
1547 2212 1692 2267 αὐτῆς
1720 2209 1996 2269 θυγατέρας.

482 2305 611 2351 Cum
629 2315 786 2351 autem
803 2321 978 2351 nomen
995 2306 1114 2350 desit
1145 2305 1194 2349 in
1226 2305 1442 2349 versibus
1472 2303 1514 2349 9.
1549 2305 1618 2357 10,
1650 2320 1806 2358 neque
1840 2305 1970 2351 Sais
2001 2303 2202 2365 (Hertz-

483 2398 623 2459 berg)
668 2416 836 2446 verum
869 2415 971 2446 esse
1002 2400 1160 2453 possit,
1193 2409 1243 2445 ut
1275 2400 1586 2453 Rossbergius
1616 2399 1898 2458 (Lucubrat.
1931 2417 1975 2455 p.
2011 2399 2093 2459 ll)
2124 2402 2202 2447 de-

483 2496 772 2549 monstravit,
806 2497 992 2542 Brimo
1023 2512 1050 2541 a
1081 2496 1329 2550 Propertio
1359 2496 1584 2549 scriptum
1617 2511 1719 2541 esse
1751 2498 1876 2549 apud
1908 2512 1985 2542 me
2009 2505 2201 2541 constat.

482 2590 727 2636 Palmerus
759 2599 915 2636 tamen
948 2600 994 2636 et
1027 2591 1284 2644 Postgatius
1316 2606 1425 2636 cum
1450 2590 1723 2636 Burmanno
1739 2600 1951 2636 nostrum
1970 2591 2201 2636 distichon

482 2685 547 2730 sic
580 2687 751 2731 edunt:

486 2780 732 2826 Mercurio
765 2780 998 2826 Ossaeis
1029 2782 1175 2827 fertur
1207 2781 1472 2827 Boebeidos
1504 2781 1643 2826 undis

634 2876 896 2930 virgineum
929 2877 1082 2930 primo
1113 2877 1432 2929 composuisse
1463 2877 1601 2929 latus;

482 2986 686 3023 quorum
718 2970 878 3023 opinio
909 2972 986 3016 vel
1018 2971 1126 3017 ideo
1158 2971 1468 3024 improbanda
1498 2980 1581 3023 est,
1604 2972 1733 3023 quod
1750 2972 1810 3015 de
1828 2971 2074 3016 Mercurio
2090 2986 2199 3016 cum

482 3066 788 3112 Ischomacha
818 3081 919 3111 rem
936 3066 1139 3111 habente
1155 3066 1271 3111 nihil
1288 3066 1508 3111 traditum
1526 3074 1609 3110 est.
1627 3065 1702 3111 Sic
1720 3065 1992 3111 Baehrensii
2009 3080 2201 3118 quoque

481 3162 789 3207 audacissima
818 3162 1107 3207 coniectura:
1146 3176 1167 3205 s
1186 3176 1213 3206 e
1230 3177 1254 3206 r
1269 3176 1296 3206 a
1333 3161 1436 3206 vir
1451 3176 1481 3205 o
1518 3176 1540 3206 s
1556 3176 1583 3206 a
1599 3176 1625 3206 c
1641 3177 1665 3205 r
1681 3161 1695 3205 i
1713 3176 1734 3206 s
1765 3175 1849 3213 eqs
1880 3159 2201 3212 improbanda.

397 3314 422 3359 ¹)
473 3313 595 3358 Sais,
634 3317 792 3351 Domitii
830 3316 1020 3351 Calderini
1058 3317 1255 3357 correctio,
1293 3328 1402 3357 quam
1441 3317 1712 3359 Hertzbergius
1745 3317 1824 3357 ipse
1861 3323 1899 3350 et
1925 3316 1968 3350 L.
1994 3315 2201 3350 Muelleru-

348 3385 726 3432 (Mercurioque
765 3384 867 3423 Sais
902 3384 1082 3431 scribent)
1107 3395 1337 3429 receperunt,
1363 3388 1455 3422 bene
1481 3388 1663 3422 refutatur
1687 3399 1708 3422 ι
1735 3388 1961 3430 Κοιὼεῐεὶο
1986 3383 2205 3431 (Lucubrat.

351 3459 459 3500 Prop.
486 3471 518 3499 p.
548 3459 622 3501 11).
