2566 3886
310 2064 351 2109 5.
369 2064 410 2110 6.

316 2402 384 2448 13.

1095 261 1362 307 -278-

435 393 621 448 πρόχνυ
650 390 950 448 γεράνδρυον·
980 392 1032 434 τὸ
1063 392 1149 447 μὲν
1178 393 1393 448 ἔκταμον,
1425 393 1555 449 δ’φρα
1583 391 1770 437 πέλοιτο

438 484 661 540 δαίμονος
691 487 882 541 οὐρείης
913 486 1039 542 ἱερὸν
1067 484 1246 542 βρέτας·
1277 484 1409 537 ἔξεσε
1440 484 1481 530 δ’
1512 485 1679 545 Ἄργος

435 583 681 636 εὐκόσμως
710 582 792 623 καὶ
832 580 890 637 δή
922 596 1004 637 μιν
1033 578 1101 624 ἐπ’
1141 578 1370 638 ὀκριόεντι
1399 580 1598 638 κολωνῷ

440 675 664 732 ἵδρυσαν”

439 787 547 816 cum
611 771 824 824 Hauptio
885 769 1055 828 (index
1111 772 1214 816 lect.
1287 772 1470 817 hibern.
1533 771 1706 816 Berlin.
1756 770 1945 817 1854.55
1983 786 2027 825 p.
2074 769 2156 829 12)

437 867 725 912 restituenda
755 866 967 911 videtur:

591 962 861 1014 Dindymus
893 970 939 1006 et
970 977 1101 1007 sacra
1131 962 1351 1007 fabricata
1393 977 1420 1006 e
1455 961 1580 1006 vite
1613 960 1840 1014 Cybelle;

440 1056 594 1101 minus
626 1057 777 1109 placet
811 1056 1079 1101 Housmani
1110 1053 1254 1114 (JPh.
1287 1056 1423 1109 XXI,
1456 1072 1500 1109 p.
1536 1053 1647 1115 122)
1679 1056 1972 1102 coniectura:

592 1153 863 1205 Dindymus
891 1160 937 1196 et
965 1167 1096 1197 sacra
1118 1151 1339 1197 fabricata
1367 1152 1414 1196 in
1447 1167 1472 1197 c
1489 1167 1516 1197 a
1533 1168 1563 1197 u
1580 1161 1598 1196 t
1614 1168 1641 1197 e
1673 1151 1890 1205 Cybelle,

438 1263 533 1301 qua
563 1248 625 1293 fa
643 1248 673 1292 b
691 1248 909 1293 ricata
940 1247 1006 1292 sic
1038 1248 1165 1292 nude
1197 1247 1399 1301 positum
1433 1247 1659 1300 displicet.

441 1343 614 1388 Barton
646 1341 779 1401 (CR.
812 1343 924 1395 Vll,
957 1358 1001 1396 p.
1036 1341 1147 1401 153)
1179 1344 1347 1389 collato
1379 1343 1610 1389 Pausania
1639 1343 1778 1395 VIII,
1810 1342 1893 1388 46:

439 1438 707 1495 Κυζικηνοί
731 1454 779 1482 τε
810 1437 1149 1496 ἀναγκάσαντες
1168 1438 1360 1495 πολέμῳ
1380 1438 1771 1496 Προκοννησίους
1787 1436 2010 1495 γενέσθαι
2025 1439 2160 1494 σφίσι

441 1537 692 1584 συνοίκους
730 1533 924 1591 Μητρὸς
965 1533 1261 1591 Δινδυμήνης
1303 1533 1486 1591 ἄγαλμα
1515 1533 1688 1590 ἔλαβον
1717 1536 1771 1577 ἐκ
1800 1533 2158 1591 Προκοννήσου·

441 1631 492 1672 τὸ
525 1629 576 1672 δὲ
606 1628 788 1687 ἄγαλμά
817 1632 913 1673 ἐστι
942 1634 1137 1686 χρυσοῦ,
1164 1630 1245 1671 καὶ
1265 1631 1411 1673 αὐτοῦ
1430 1630 1483 1672 τὸ
1503 1631 1763 1687 πρόσωπον
1784 1630 1885 1672 ἀντὶ
1904 1627 2155 1685 ἐλέφαντος

443 1727 604 1768 ἵππων
633 1729 728 1768 τῶν
757 1727 1002 1781 ποταμίων
1033 1724 1218 1775 ὀδόντες
1246 1726 1365 1768 εἰσὶν
1394 1726 1701 1782 εἰργασμένοι,
1732 1724 1862 1777 legit:

595 1820 880 1872 Dindymus,
913 1829 959 1864 et
991 1829 1165 1865 secto
1196 1820 1417 1865 fabricata
1450 1820 1498 1865 in
1531 1821 1724 1865 dente
1755 1818 1971 1872 Cybebe.

444 1915 537 1961 Sed
569 1916 671 1961 veri
703 1915 899 1960 similior
931 1915 1129 1968 Hauptii
1165 1915 1448 1961 coniectura.

444 2063 559 2109 Non
606 2073 689 2116 est,
736 2079 821 2109 cur
867 2079 976 2108 cum
1016 2063 1303 2109 Baehrensio
1335 2064 1384 2108 si
1417 2072 1474 2109 te
1505 2063 1672 2108 forte
1702 2062 1751 2106 in
1784 2062 1871 2107 sic
1902 2070 1960 2107 te
1990 2061 2160 2106 forte

445 2168 622 2205 mutato
654 2160 836 2213 signum
870 2159 1243 2213 interrogationis
1275 2175 1519 2212 ponamus.
1551 2159 1710 2203 Versu
1741 2158 1770 2203 6
1798 2157 2071 2210 accipienda
2092 2164 2163 2202 est

443 2255 667 2300 Italorum
699 2255 970 2300 coniectura
1000 2270 1031 2300 n
1048 2270 1116 2300 ec
1147 2270 1234 2307 pro
1265 2263 1336 2300 et.

447 2419 541 2456 qua
572 2404 701 2449 rudis
733 2403 894 2457 Argoa
925 2412 1050 2448 natat
1081 2403 1203 2448 inter
1233 2418 1344 2448 saxa
1374 2403 1594 2448 columba

529 2500 576 2544 in
607 2500 776 2544 faciem
808 2514 976 2552 prorae
1008 2499 1146 2552 pinus
1177 2499 1340 2544 adacta
1370 2514 1523 2543 novae

450 2595 544 2639 Pro
587 2595 807 2648 Argoa,
846 2595 974 2648 quod
1007 2603 1076 2639 est
1107 2594 1155 2639 in
1188 2594 1254 2646 N,
1288 2594 1595 2639 Housmanus
1626 2591 1771 2652 (JPh.
1803 2592 1940 2644 XXI,
1971 2607 2016 2645 p.
2051 2589 2163 2650 158)

449 2706 558 2735 cum
602 2690 732 2735 libris
779 2690 920 2734 DVF
963 2691 1118 2744 legere
1162 2691 1264 2735 vult
1304 2690 1535 2743 Argea:
1567 2689 1834 2734 columbam
1866 2688 1998 2741 Argi,
2030 2686 2163 2732 navis

449 2786 607 2839 Argus
638 2785 943 2838 fabricatoris,
976 2785 1221 2839 significari
1238 2800 1450 2837 censenS,
1467 2786 1634 2830 collato
1652 2785 1713 2838 ΙΙ,
1731 2783 1803 2836 26,
1820 2782 1891 2836 39‘,
1908 2798 2004 2837 quo
2020 2797 2163 2828 versu

451 2881 613 2926 Ellisio
660 2889 916 2933 praeeunte
962 2881 1129 2934 Argo
1176 2895 1263 2933 pro
1310 2880 1468 2925 dativo
1515 2880 1718 2926 nominis
1764 2879 1963 2932 Argus
2010 2877 2162 2923 habet.

451 2976 542 3022 Sed
576 2977 613 3021 si
646 2976 849 3030 Argea
880 2977 1154 3029 scribemus,
1187 2976 1320 3021 multi
1352 2977 1412 3022 de
1444 2976 1562 3021 urbe
1578 2975 1757 3029 Argis,
1789 2989 1885 3020 non
1917 2975 1977 3019 de
1999 2973 2163 3026 Argo

451 3073 743 3126 cogitabunt;
791 3080 1034 3125 praeterea
1080 3073 1229 3117 forma
1275 3072 1486 3125 Argoa
1531 3079 1582 3116 ut
1624 3070 1779 3115 minus
1811 3078 1921 3115 nota
1950 3068 2163 3120 librariis,

451 3168 629 3213 facilius
676 3168 917 3220 corrumpi
962 3167 1135 3221 potuit;
1182 3175 1309 3212 recte
1367 3175 1523 3212 autem
1581 3164 1901 3211 Rothsteinius
1945 3163 2165 3209 observat

453 3263 627 3316 Argoa,
660 3263 789 3315 quod
837 3262 1237 3316 grammatice
1269 3262 1328 3307 ad
1360 3260 1651 3307 columba
1681 3258 1924 3312 pertineat,
1956 3257 2164 3310 logice

453 3373 621 3403 vocem
653 3358 757 3409 pin
771 3373 802 3402 u
819 3372 840 3402 s
872 3357 1115 3402 illustrare.

455 3451 697 3497 Servanda
727 3452 863 3506 igitur
895 3452 1196 3505 Neapolitani
1228 3451 1379 3496 lectio.
