2566 3886
337 980 406 1026 19.

335 1550 407 1597 22.

1124 278 1392 323 —217—

468 410 789 462 subvenimus,
820 410 858 454 si
889 424 1081 455 versum
1113 409 1207 454 leni
1238 408 1596 462 transpositione
1627 409 1693 454 sic
1724 409 2019 462 refingimus:

587 513 635 549 et
663 514 823 557 captos
854 504 1015 549 subter
1043 519 1174 549 arma
1203 505 1370 550 sedere
1401 505 1561 549 duces·

470 600 538 645 Ut
554 600 739 645 subter
754 600 1032 645 defendatur
1047 599 1332 644 conferenda
1345 607 1466 651 sunt,
1483 614 1604 652 quae
1615 599 1674 643 ad
1683 597 1825 651 11.28,
1836 598 1894 644 29
1911 599 2176 644 observavi.

469 695 754 741 Conferatur
798 694 937 739 etiam
983 694 1126 747 Verg.
1172 694 1245 738 VI
1292 693 1380 738 254
1417 693 1588 747 pingue
1620 709 1762 747 super
1792 694 1950 739 oleum
1982 703 2069 739 etc.
2101 691 2179 752 (ut

466 791 623 845 legunt
654 790 873 844 „antiqua
896 789 1099 843 aliquot''
1132 789 1289 841 Pierii,
1321 788 1467 834 nostri
1498 789 1686 834 codices
1717 804 1739 834 s
1753 805 1785 834 u
1799 804 1830 842 p
1844 805 1871 834 e
1885 805 1909 834 r
1923 804 1954 842 q
1967 805 1998 834 u
2013 786 2083 847 e.)

468 981 576 1035 Ipsa
605 990 733 1026 tuam
765 995 902 1026 serva
931 980 1128 1032 prolem,
1160 979 1328 1024 Venus

467 1076 533 1121 sic
565 1075 639 1127 N;
671 1076 906 1128 prolem
938 1089 1123 1119 serva
1155 1073 1354 1118 DVFL.

467 1170 779 1216 Baehrensius
824 1170 1073 1214 lectionem
1122 1168 1167 1214 Ο
1214 1169 1391 1221 recepit
1427 1169 1607 1221 prole
1622 1184 1668 1213 m
1701 1183 1722 1213 s
1736 1184 1844 1213 erv
1858 1183 1905 1221 a;
1938 1170 2021 1214 sed
2053 1178 2180 1214 recte

466 1265 684 1310 observat
730 1264 1039 1310 Housmanus
1075 1262 1129 1322 (J
1134 1264 1220 1309 Ph.
1251 1264 1372 1309 XXI
1404 1279 1450 1317 p.
1485 1262 1620 1322 132):
1668 1263 1803 1317 „The
1834 1265 2097 1318 separation
2131 1265 2187 1310 of

465 1359 695 1413 adjective
718 1360 811 1404 and
839 1359 1128 1404 substantive
1150 1359 1188 1404 is
1204 1360 1295 1404 less
1311 1359 1511 1405 obvious
1528 1360 1620 1404 and
1638 1375 1771 1405 more
1786 1361 2177 1406 workmanlike.”

468 1566 545 1596 me
576 1559 644 1595 sat
674 1549 762 1595 erit
793 1548 932 1594 Sacra
962 1550 1186 1602 plaudere
1217 1564 1354 1603 posse
1386 1549 1491 1594 Via.

468 1645 595 1692 Cum
628 1645 754 1691 Italis
785 1646 938 1698 legere
970 1645 1127 1690 malim
1160 1645 1236 1689 mi
1267 1659 1354 1697 pro
1386 1660 1486 1690 me.

1086 1986 1339 2033 ELEGIA
1370 1987 1432 2032 V.

466 2118 624 2163 Versu
655 2118 865 2163 secundo
896 2117 1214 2162 Phillimorius
1245 2118 1423 2170 spernit
1453 2119 1759 2164 certissimam
1799 2119 2179 2164 emendationem

469 2214 682 2266 Livenei,
714 2228 854 2267 quam
886 2212 1026 2258 etiam
1060 2213 1392 2258 Lachmannus
1424 2214 1799 2259 commendavit:
1831 2229 1853 2259 s
1870 2223 1942 2259 at.

467 2403 690 2458 Sequenti
721 2419 862 2449 versu
893 2404 1142 2449 haeremus
1173 2404 1222 2448 in
1254 2404 1487 2449 vocabulo
1518 2414 1536 2450 t
1552 2420 1579 2449 a
1595 2420 1642 2449 m
1658 2420 1746 2450 en.

468 2499 595 2544 Nam
641 2499 679 2544 si
726 2499 1002 2544 sententiam
1033 2514 1259 2544 versuum
1293 2499 1407 2544 l-4
1439 2500 1732 2553 exponimus,
1765 2501 1917 2546 statim
1950 2502 2177 2547 sentimus

469 2594 766 2647 Propertium
798 2595 864 2639 sic
895 2594 1102 2639 scribere
1133 2609 1228 2639 non
1260 2595 1494 2648 potuisse:

470 2689 727 2741 „Amantes
756 2704 1042 2734 veneramur
1071 2705 1250 2742 pacem,
1268 2689 1390 2735 bella
1405 2690 1606 2742 odimus,
1623 2699 1691 2735 sat
1707 2691 1843 2736 nobis
1860 2700 1929 2736 est
1945 2691 2181 2736 interdum

469 2799 577 2829 cum
625 2785 780 2836 puella
819 2785 1094 2829 certandum
1126 2799 1255 2837 esse3
1286 2800 1573 2839 quamquam
1605 2786 1742 2839 igitur
1772 2801 1937 2838 pacem
1970 2786 2182 2838 colimus,

470 2887 625 2924 tamen
658 2894 753 2923 non
785 2879 914 2924 avari
945 2880 1152 2924 sumus.”

471 2973 764 3019 Rothsteinio
779 2974 937 3018 omnia
952 2974 1199 3026 perspicua
1215 2982 1347 3026 sunt;
1364 2974 1525 3026 quieto
1544 2975 1715 3026 animo,
1733 2984 1971 3029 tamquam
1997 2976 2035 3020 si
2054 2976 2184 3020 nulla

470 3068 712 3113 difficultas
743 3068 813 3119 sit,
845 3068 1028 3112 initium
1060 3069 1279 3113 carminis
1311 3068 1597 3114 Germanice
1629 3070 1694 3114 sic
1725 3071 1906 3114 reddit:
1938 3071 2044 3122 „ich
2061 3071 2183 3115 habe

471 3164 622 3207 durch
669 3162 867 3214 Kampfe
912 3178 974 3206 zu
1020 3163 1176 3207 leiden
1222 3161 1454 3220 (niimlich
1500 3173 1638 3209 unter
1685 3165 1778 3209 den
1825 3164 2180 3218 Zwistigkeiten

473 3257 556 3302 mit
572 3257 753 3302 meiner
769 3255 1046 3314 Geliebten)
1076 3258 1175 3302 und
1206 3257 1344 3302 dabei
1375 3258 1556 3302 kranke
1593 3258 1670 3302 ich
1700 3259 1824 3303 doch
1855 3258 1985 3303 nicht
2012 3259 2183 3304 einmal

473 3367 532 3396 an
578 3353 665 3396 der
711 3351 934 3405 Habgier,
978 3353 1129 3396 durch
1161 3352 1237 3396 die
1268 3353 1443 3397 andere
1476 3352 1741 3397 Menschen
1773 3353 1872 3398 sich
1904 3354 1986 3398 das
2018 3354 2182 3399 Leben

472 3448 656 3491 schwer
686 3447 928 3491 machen.’'
944 3446 1048 3491 Tali
1065 3447 1444 3499 interpretatione
1461 3447 1681 3499 ludimur,
1698 3447 1864 3493 vitium
1882 3463 1976 3493 non
1993 3448 2182 3494 tollitur.
