2566 3886
1154 245 1422 302 -'192—-

495 390 622 445 quod
655 389 822 435 vertit:
864 404 989 442 you
1035 396 1204 433 must
1249 396 1361 433 not
1406 397 1583 433 trust
1627 403 1655 433 a
1700 388 2041 435 beautiful
2087 390 2208 445 gill

495 495 557 531 to
605 486 739 531 Lov
757 500 798 537 e,
843 484 916 529 i.e.
948 493 996 529 to
1027 485 1186 529 others
1217 484 1339 528 love.
1373 483 1556 529 Eodem
1588 485 1731 529 modo
1762 500 1952 531 versum
1985 486 2130 532 edidit
2160 487 2209 532 in

494 580 701 626 editione
747 594 872 624 anno
920 577 1034 624 1894
1080 577 1254 631 publici
1301 578 1414 623 iuris
1456 578 1589 624 facta.
1622 577 1714 624 Sed
1747 579 1861 624 mihi
1892 595 2083 633 prorsus
2113 597 2208 627 non

494 674 751 729 persuasit:
782 674 883 727 ipsa
903 673 1029 718 enim
1061 687 1156 717 vox
1188 673 1245 717 al
1262 672 1276 717 i
1293 688 1319 717 e
1337 689 1368 717 n
1385 688 1427 725 o,
1459 688 1580 727 quae
1603 674 1760 719 versui
1777 689 1965 720 sensum
1982 677 2210 729 praebere

494 771 648 823 debet,
680 778 838 815 mente
870 768 1132 822 supplenda
1162 777 1244 813 est.
1277 768 1493 821 Accedit,
1517 770 1646 822 quod
1677 784 1772 814 cur
1803 770 2120 824 quisquam.
2139 805 2179 817 ..
2197 805 2208 817 .

494 865 674 911 credit
705 864 882 910 amico
914 863 1083 908 melius
1115 872 1359 917 praeparat
1389 879 1580 910 versum
1613 864 1654 909 3.

492 962 678 1007 Verum
726 961 819 1006 iam
867 959 969 1005 Itali
1015 959 1313 1011 invenerunt,
1345 959 1426 1013 qui
1458 974 1545 1012 pro
1581 975 1609 1004 a
1625 975 1672 1005 m
1689 975 1718 1005 o
1735 960 1789 1004 ri
1838 961 2002 1006 amico
2048 961 2211 1007 substi-

492 1066 639 1103 tuere.
672 1056 922 1101 Praeterea
953 1070 1144 1108 prorsus
1175 1070 1271 1099 non
1295 1055 1507 1100 concedo
1530 1054 1634 1100 viro
1655 1055 1911 1101 clarissimo
1933 1056 2049 1101 illud
2079 1056 2210 1109 iam,

493 1153 621 1207 quod
653 1152 793 1196 habet
824 1150 890 1203 N,
922 1150 1240 1195 coniecturam
1264 1164 1367 1194 esse
1390 1164 1477 1202 pro
1509 1166 1540 1194 n
1557 1165 1586 1195 o
1604 1166 1649 1203 n,
1682 1152 1810 1204 quod
1832 1151 2037 1196 fueritin
2053 1152 2211 1197 arche-

492 1257 631 1301 typo;
661 1247 843 1292 facilius
859 1246 986 1291 enim
1018 1254 1088 1290 est
1119 1260 1150 1289 n
1167 1261 1198 1289 u
1215 1261 1246 1289 ιι
1264 1260 1290 1289 c
1321 1245 1551 1298 conicere,
1584 1261 1725 1300 quam
1757 1246 1893 1299 iam,
1925 1248 2053 1301 quod
2069 1262 2211 1294 versu

492 1342 549 1388 24
581 1357 771 1397 quoque
802 1340 1083 1387 defenditur.

388 1533 430 1578 4.
491 1541 553 1578 et
597 1533 870 1577 formam
917 1529 1142 1589 (FDV)
1188 1546 1275 1583 pro
1322 1531 1446 1576 bona
1492 1531 1692 1576 lectione
1746 1531 1796 1576 N
1859 1532 2210 1578 formosam

491 1629 660 1674 iniuria
690 1627 838 1673 edidit
870 1627 1196 1679 Baehrensius,
1229 1627 1288 1672 cf.
1322 1626 1573 1672 Housman
1604 1626 1722 1671 JPh.
1754 1626 1877 1672 XXI
1908 1642 1953 1680 p.
1988 1626 2086 1673 131.

390 1819 431 1864 7.
493 1819 665 1871 hospes
696 1817 745 1862 in
777 1816 1032 1869 hospitium
1066 1815 1291 1861 Menelao
1322 1815 1453 1861 venit
1485 1816 1681 1861 adulter.

490 1912 707 1958 Breviter
752 1920 891 1965 atque
923 1912 1161 1964 praeclare
1194 1911 1306 1956 dicit
1336 1920 1502 1964 poeta:
1543 1926 1599 1964 „a
1615 1911 1736 1956 mic
1754 1927 1784 1956 u
1801 1926 1823 1957 s
1854 1920 1967 1964 erat,
1998 1913 2077 1958 vel
2106 1927 2211 1958 esse

491 2007 741 2053 videbatur
771 2007 954 2052 adulter
984 2006 1065 2060 qui
1097 2007 1156 2051 ad
1189 2006 1465 2052 Menelaum
1497 2006 1641 2059 venit,
1674 2015 1724 2051 ut
1752 2007 1854 2052 iure
1877 2007 2063 2061 hospitii
2086 2009 2211 2061 apud

491 2118 601 2148 eum
647 2102 1019 2147 deversaretur.”
1067 2101 1322 2147 Infeliciter
1359 2101 1673 2147 Baehrensius
1719 2079 1798 2147 h'u
1815 2118 1846 2147 ιι
1864 2117 1890 2147 c
1936 2117 1967 2155 p
1983 2118 2011 2147 e
2026 2118 2064 2155 r,
2110 2103 2211 2148 sine

491 2199 585 2242 ulla
615 2196 890 2242 necessitate
923 2196 977 2241 L.
1011 2196 1276 2242 Muellerus
1307 2196 1350 2241 T
1366 2212 1390 2241 r
1406 2212 1435 2241 o
1451 2211 1473 2241 s
1520 2212 1547 2241 e
1564 2205 1581 2240 t
1611 2197 1824 2241 coniecit.

492 2292 539 2338 Si
571 2292 719 2337 verba
750 2291 953 2343 ordinas,
987 2300 1038 2336 ut
1068 2300 1154 2344 ego
1186 2291 1290 2343 feci,
1322 2299 1447 2343 patet
1479 2292 1608 2336 nullo
1640 2291 1743 2336 iure
1776 2290 2002 2336 Ottonem
2034 2291 2211 2345 quaesi-

490 2388 616 2433 visse
661 2385 765 2445 (De
811 2386 903 2431 fab.
937 2386 1078 2438 Prop.
1110 2401 1154 2438 p.
1190 2383 1300 2443 19):
1333 2386 1467 2440 „quis
1498 2386 1546 2431 in
1579 2387 1832 2439 hospitium
1865 2387 2029 2432 venire
2059 2395 2212 2440 potest

492 2483 581 2529 nisi
612 2483 784 2535 hospes
791 2480 845 2525 ?'’

389 2674 431 2720 8.
494 2673 688 2720 Colchis
719 2681 766 2718 et
796 2673 1004 2726 ignotum
1037 2686 1196 2717 nonne
1228 2679 1386 2716 secuta
1417 2671 1573 2716 virum
1605 2669 1714 2715 est?

492 2769 627 2814 Nihil
673 2777 756 2820 est,
803 2783 888 2812 cur
933 2783 964 2812 n
982 2782 1011 2812 o
1028 2782 1060 2811 n
1077 2782 1108 2811 ιι
1127 2782 1154 2811 e
1201 2775 1475 2819 corruptum
1521 2765 1790 2810 habeamus
1838 2765 2032 2810 Frustra
2072 2765 2209 2819 igitur

493 2864 807 2910 Baehrensius
857 2878 943 2916 pro
990 2878 1021 2906 n
1039 2877 1068 2907 o
1084 2877 1115 2906 ιι
1133 2877 1164 2906 ιι
1181 2877 1208 2906 e
1256 2870 1420 2913 nocte,
1466 2860 1775 2914 Rossbergius
1832 2858 2001 2918 (Neue
2044 2860 2207 2906 Jahrb.

492 2959 725 3005 Fleckeis.
758 2959 856 3003 bnd
888 2957 959 3003 29.
992 2972 1036 3010 p.
1070 2954 1153 3014 72)
1199 2972 1230 3001 n
1248 2972 1322 3001 av
1339 2971 1366 3001 e
1412 2971 1714 3009 proposuere.

386 3151 429 3196 9.
463 3150 519 3196 10
580 3151 656 3195 De
688 3151 779 3194 hoc
809 3148 1021 3200 disticho,
1053 3147 1134 3192 ubi
1166 3146 1216 3192 N
1249 3162 1344 3192 non
1376 3147 1666 3191 deserendus
1696 3155 1779 3199 est,
1810 3146 1973 3191 confer
2003 3146 2206 3192 Housm.

489 3245 608 3291 JPh.
639 3244 762 3290 XXI
793 3259 839 3297 p.
874 3242 972 3287 131.

360 3434 430 3480 15.
464 3435 520 3480 lo
582 3434 904 3479 Librariorum
948 3431 1163 3477 socordia
1214 3430 1470 3476 socium
1516 3439 1563 3475 et
1610 3429 1944 3475 dominum
1989 3429 2111 3474 inter
2154 3443 2206 3474 se
