2566 3886
1156 279 1424 326 —169—

1057 481 1311 528 ELEGIA
1341 481 1527 527 XXIX.

397 616 436 662 l.
498 616 684 661 Primus
743 614 894 660 statim
953 613 1225 666 lepidissimi
1284 612 1422 658 huius
1469 612 1688 657 carminis
1734 627 1901 658 versus
1958 611 2217 666 legentibus

496 718 769 764 permagnas
812 710 1100 755 difficultates
1131 708 1326 761 peperit,
1358 708 1629 761 nequedum
1661 722 1829 752 verum
1863 715 2103 759 repertum
2132 715 2215 752 est.

498 804 590 851 Sed
636 805 860 858 quaestio,
906 803 1021 857 quid
1069 803 1169 855 ipse
1215 810 1353 855 poeta
1397 802 1474 847 hic
1521 802 1717 853 dederit,
1749 810 1875 846 arcte
1922 817 2030 847 cum
2074 803 2218 848 altera

500 901 730 952 cohaeret,
763 909 919 945 utrum
951 899 1062 943 inde
1093 913 1120 942 a
1150 912 1292 942 versu
1324 895 1381 942 23
1413 911 1539 942 nova
1569 897 1714 950 elegia
1745 896 1932 949 incipiat
1948 921 2006 927 ——
2023 897 2070 942 id
2087 898 2216 950 quod

495 1003 659 1048 putant
710 994 926 1047 Guyetus
973 992 1282 1046 Rossbergius
1297 989 1352 1049 ¹),
1398 990 1787 1044 Sandstroemius,
1836 991 2215 1046 Eschenburgius

496 1087 727 1148 (Observ.
760 1104 825 1134 cr.
857 1104 902 1142 p.
935 1086 1032 1145 36).
1068 1087 1404 1139 Rothsteinius,
1439 1087 1532 1132 Ites
1565 1084 1668 1144 (De
1686 1086 1903 1139 Properti
1919 1086 2077 1140 elegiis
2093 1087 2215 1132 inter

496 1200 547 1230 se
581 1183 769 1230 conexis
801 1199 845 1237 p.
878 1181 962 1241 47)
994 1197 1158 1228 necne.

497 1374 627 1426 Quid
674 1382 822 1421 totum
870 1388 1061 1418 carmen
1109 1372 1197 1418 sibi
1235 1371 1361 1424 velit,
1393 1380 1521 1417 recte
1564 1371 1764 1424 explicat
1812 1372 2125 1418 Baehrensius
2166 1373 2214 1418 in

495 1469 837 1522 prolegomenis
875 1468 1092 1514 editionis
1144 1482 1256 1512 suae
1305 1464 1377 1525 (p.
1428 1464 1652 1524 XXIV):
1699 1466 1938 1520 „Cynthia
1967 1475 2213 1522 postquam

495 1572 637 1609 totam
669 1578 755 1616 per
785 1572 972 1608 noctem
1004 1562 1303 1615 Propertium
1335 1563 1505 1607 trustra
1535 1562 1836 1616 exspectavit,
1869 1577 1978 1607 cum
2010 1563 2087 1608 ille
2108 1564 2214 1608 luce

494 1659 898 1712 appropinquante
939 1657 1129 1702 tandem
1173 1657 1371 1709 veniret,
1403 1657 1517 1702 irata
1559 1665 1796 1710 tamquam
1839 1673 1953 1703 num
1986 1658 2086 1711 ipsa
2116 1659 2214 1703 sola

496 1753 689 1799 cubaret
737 1753 1085 1806 speculaturum
1143 1752 1191 1796 in
1250 1753 1440 1806 longum
1499 1761 1684 1805 tempus
1740 1752 1949 1798 exclusit.
2012 1753 2103 1798 iam
2165 1754 2213 1799 in

496 1848 686 1902 gratiam
733 1863 841 1892 cum
888 1847 1062 1892 amasia
1106 1847 1294 1893 rediens
1339 1856 1477 1900 poeta
1514 1848 1604 1893 hoc
1652 1847 1873 1900 carmine,
1920 1863 2015 1902 quo
2059 1849 2214 1894 minus

495 1943 647 1996 ipsum
679 1943 852 1987 factum
885 1951 1055 1996 negare
1086 1942 1248 1995 potuit,
1281 1957 1339 1988 eo
1371 1942 1514 1996 magis
1539 1942 1727 1987 foedam
1750 1942 1874 1988 illam
1898 1943 2212 1996 suspicionem

494 2035 571 2096 (se
617 2038 749 2092 quasi
792 2038 1131 2090 speculatorem
1174 2035 1403 2095 adfuisse)
1446 2037 1626 2082 diluere
1657 2037 1857 2083 studuit:
1896 2038 2018 2083 bene
2050 2047 2212 2091 potum

495 2142 542 2179 et
583 2133 911 2179 comissantem
943 2147 993 2178 se
1024 2133 1083 2177 ab
1115 2132 1226 2185 ipsis
1256 2132 1516 2178 Amoribus
1547 2142 1783 2186 tamquam
1815 2133 1998 2185 puellae
2028 2133 2213 2179 famulis

496 2228 751 2273 deductum
795 2228 989 2273 domum
1032 2227 1132 2273 eius
1163 2228 1372 2280 intrasse,
1404 2228 1653 2280 aditurum,
1686 2228 1829 2273 modo
1860 2229 1958 2273 sola
1987 2237 2135 2282 esset3
2167 2238 2213 2274 et

497 2324 610 2368 dum
651 2323 847 2368 crimina
884 2339 912 2368 a
943 2322 1152 2376 Cynthia
1197 2324 1284 2369 sibi
1316 2323 1499 2369 obiecta
1529 2323 1735 2376 exponit,
1766 2323 1904 2369 simul
1935 2332 1982 2368 et
2012 2339 2212 2370 veneres

495 2418 595 2463 eius
659 2427 706 2463 et
766 2418 1018 2464 castitatem
1080 2419 1281 2465 feminae
1343 2428 1605 2465 commotae
1659 2419 1951 2464 blanditurus
2013 2420 2209 2472 pulchre

495 2512 702 2566 depingit
761 2513 998 2568 finemque
1059 2514 1166 2560 tacit
1239 2514 1527 2559 sanctitatem
1589 2514 1761 2559 amoris
1804 2514 1875 2559 sui
1921 2515 2211 2562 testificando

495 2607 799 2662 miseriasque
829 2623 889 2653 ex
919 2608 998 2654 illo
1028 2617 1240 2662 tempore
1271 2610 1470 2663 perlatas
1501 2610 1960 2655 commemorando''.

495 2702 757 2748 Videamus
773 2712 943 2756 autem,
962 2703 1132 2758 quibus
1147 2705 1430 2758 argumentis
1449 2704 1770 2750 Rothsteinius
1787 2702 2018 2763 (Anhang
2034 2721 2079 2759 p.
2097 2705 2210 2764 351)

496 2812 607 2842 usus
644 2797 715 2850 sit,
753 2807 803 2843 ut
840 2798 975 2843 nobis
1022 2800 1326 2852 persuaderet
1379 2815 1570 2845 carmen
1626 2801 1673 2845 in
1721 2802 1837 2846 duas
1880 2810 2034 2854 partes
2081 2802 2210 2846 nullo

496 2891 686 2936 vinculo
717 2893 1022 2938 cohaerentes
1053 2893 1364 2940 dividendum
1396 2910 1514 2940 esse.

498 3079 709 3124 Primum
741 3080 773 3124 h
786 3096 813 3125 e
828 3096 849 3126 s
862 3089 880 3125 t
893 3096 920 3126 e
933 3097 958 3126 r
970 3097 1001 3126 n
1015 3096 1042 3126 a
1073 3098 1104 3126 n
1118 3097 1148 3127 o
1161 3098 1187 3127 c
1201 3091 1218 3127 t
1231 3098 1258 3127 e
1289 3080 1362 3141 (v.
1383 3081 1449 3141 l.)
1480 3099 1589 3129 cum
1622 3084 1786 3129 ultimo
1817 3099 1985 3130 versu:
2018 3100 2106 3137 „ex
2128 3085 2208 3129 illo

414 3313 439 3359 ¹)
489 3317 622 3353 Postea
658 3318 798 3360 Guyeti
835 3319 1047 3359 opinionem
1085 3320 1215 3354 reiecit
1253 3316 1396 3362 (Fleck.
1434 3321 1559 3355 Jahrb.
1597 3321 1699 3363 1883,
1725 3335 1759 3363 p.
1786 3318 1864 3365 72);
1890 3330 1991 3358 recte
2018 3331 2207 3364 praeterea

366 3399 498 3422 mane
523 3396 631 3424 erat
667 3386 716 3432 (v.
753 3386 815 3432 23)
854 3391 1140 3431 interpretatur:
1178 3402 1291 3432 „nun
1327 3393 1436 3426 war’s
1475 3394 1663 3434 morgen&
1700 3395 1747 3428 et.
1783 3389 1854 3430 Ov.
1894 3394 1957 3429 Fa.
1995 3391 2124 3436 1547;
2150 3406 2206 3435 ep.

366 3457 547 3500 Hyperm.
574 3459 630 3495 79.
