2566 3886
353 2644 421 2690 10.

1147 248 1413 295 -288-

489 380 746 434 Cynthiam
794 381 951 426 multis
996 395 1105 426 cum
1152 380 1355 425 lacrimis
1399 395 1427 425 a
1472 389 1610 433 poeta
1646 381 1833 434 petiisse
1865 391 1915 427 ut
1946 397 1997 428 se
2027 393 2204 430 amaret

490 492 630 522 nemo
662 477 950 521 contendere
981 475 1185 521 audebit.
1218 475 1328 520 Iure
1359 475 1520 521 scribit
1552 476 1739 521 Palmer
1769 477 1843 522 vir
1873 478 1934 523 de
1957 478 2204 532 Propertio

487 572 663 626 optime
710 571 929 617 meritus:
976 571 1279 624 „Propertius
1325 585 1422 616 was
1468 571 1732 624 captivated
1779 572 1843 625 by
1889 573 1969 618 the
2012 588 2124 626 eyes
2155 574 2210 619 of

489 667 710 720 Cynthia,
742 667 776 712 it
807 667 845 712 is
876 676 995 718 true,
1027 666 1111 711 but
1143 667 1275 711 there
1306 681 1435 711 were
1466 681 1529 711 no
1560 674 1682 711 tears
1712 667 1825 712 then
1857 667 2085 722 dimming
2107 670 2204 714 that

488 763 641 816 bright
686 762 877 815 glance”
923 759 1046 819 (Ha.
1096 760 1225 813 1874,
1271 776 1317 813 p.
1367 758 1492 819 161).
1536 762 1593 806 cf.
1642 760 1736 806 Ov.
1777 762 1912 807 Rem.
1944 763 2056 808 Am.
2088 763 2203 817 6993

490 859 606 904 Luc.
638 857 801 902 Phars.
835 856 921 909 IV,
953 855 1054 902 409.

487 1036 649 1081 limina
680 1035 771 1080 iam
804 1034 974 1080 nostris
1005 1035 1191 1079 valeant
1221 1034 1510 1079 lacrimantia
1539 1034 1699 1080 verbis

487 1131 612 1183 Fuit,
644 1146 754 1176 cum
786 1139 1000 1184 putarem
1032 1144 1141 1174 cum
1175 1129 1446 1174 Burmanno
1477 1144 1580 1175 esse
1611 1130 1889 1183 legendum:

637 1225 800 1271 limina
830 1225 922 1270 iam
955 1224 1158 1270 lacrimis
1190 1225 1377 1270 valeant
1408 1225 1645 1270 manantia
1675 1225 1859 1277 nostris,

488 1322 711 1376 quoniam
744 1336 839 1366 non
871 1320 1129 1374 probabam
1161 1320 1276 1365 tales
1307 1319 1656 1373 explicationes,
1687 1321 1850 1373 quales
1866 1320 2062 1374 legimus
2077 1323 2203 1375 apud

483 1417 737 1470 Paleyum:
771 1430 852 1468 „so
884 1415 1072 1460 concise
1103 1415 1142 1460 is
1175 1417 1254 1460 the
1285 1416 1509 1469 language
1541 1415 1589 1461 of
1618 1430 1707 1461 our
1738 1424 1862 1469 poet,
1894 1416 1992 1461 that
2015 1417 2077 1462 he
2092 1432 2202 1470 may

483 1515 606 1559 have
638 1520 818 1557 meant:
852 1511 1084 1564 „lacrimis
1115 1511 1305 1564 perfusa
1335 1511 1457 1556 inter
1487 1510 1636 1556 verba
1666 1511 1950 1564 querentis”,
1967 1511 2045 1557 vel
2075 1513 2201 1566 apud

484 1607 859 1655 Rothsteinium:
892 1607 1166 1659 „lacrimare
1196 1621 1292 1651 von
1323 1605 1549 1652 Thrfinen
1580 1606 1742 1652 feucht
1772 1607 1916 1652 sein'’.

484 1704 631 1750 Nunc
663 1703 812 1748 verba
841 1702 1009 1747 tradita
1039 1702 1217 1755 integra
1248 1702 1373 1747 duco
1404 1710 1450 1746 et
1466 1702 1611 1747 credo
1630 1698 1672 1759 ¹)
1692 1710 1879 1754 poetam
1895 1701 1972 1747 hic
1992 1702 2202 1748 alludere

483 1801 543 1846 ad
575 1801 638 1853 id,
670 1800 799 1853 quod
831 1798 1111 1844 memoravit
1142 1798 1190 1843 in
1223 1797 1523 1843 Monobiblo.
1556 1797 1625 1843 Ut
1655 1797 1783 1843 enim
1815 1812 2019 1851 sequens
2034 1813 2202 1845 versus

635 1910 724 1940 nec
755 1903 913 1940 tamen
945 1894 1061 1939 irata
1091 1893 1231 1939 ianua
1261 1893 1405 1939 stacta
1435 1908 1579 1939 manu

483 1990 746 2044 comparari
776 1998 929 2044 potest
959 2004 1067 2035 cum
1100 1989 1162 2042 ΙΙ,
1194 1988 1237 2034 5.
1268 1988 1326 2034 22

638 2101 728 2132 nec
759 2100 866 2131 mea
895 2085 1162 2139 praeclusas
1193 2084 1382 2138 fregerit
1412 2084 1481 2130 ira
1510 2084 1651 2136 fores,

484 2182 551 2227 sic
596 2190 757 2227 nostro
805 2182 911 2227 loco
956 2189 1095 2235 poeta
1140 2195 1325 2226 memor
1360 2188 1431 2225 est
1460 2180 1761 2234 querelarum
1793 2180 1976 2225 illarum
2007 2180 2200 2226 ianuae:

486 2276 523 2321 Ι.
557 2276 627 2322 16.
662 2275 745 2322 13:

483 2372 567 2416 has
598 2371 720 2416 inter
750 2379 891 2424 cogor
921 2371 1107 2424 gravius
1138 2370 1314 2415 deflere
1344 2369 1577 2423 querellas

635 2466 858 2519 supplicis
889 2481 917 2511 a
946 2466 1094 2519 longis
1125 2465 1298 2511 tristior
1328 2465 1552 2510 excubiis.

484 2643 559 2690 Sic
605 2653 902 2690 construatur
947 2658 1139 2689 versus:
1187 2652 1277 2696 „et,
1322 2658 1465 2688 manu
1509 2642 1725 2696 quamvis
1757 2643 1884 2695 irata,
1917 2651 2073 2688 tamen
2104 2657 2200 2688 non

486 2741 631 2785 fracta
661 2739 842 2785 ianua''.

483 2835 567 2881 Nil
598 2850 718 2888 opus
749 2827 822 2879 est⁴
845 2833 1119 2879 Baehrensii
1155 2831 1212 2892 (n
1227 2848 1294 2879 ec
1326 2834 1441 2879 iam
1473 2831 1620 2892 iam)
1651 2842 1729 2879 aut
1757 2833 2021 2887 Weidgenii
2049 2830 2120 2891 (p.
2144 2831 2200 2878 5:

484 2930 754 2986 temere).

400 3453 431 3499 ¹)
480 3456 539 3491 Sic
565 3457 638 3491 inm
666 3455 838 3497 Postgate
866 3451 1005 3497 (Selcct
1032 3454 1088 3488 El.
1115 3465 1148 3494 p.
1177 3449 1275 3497 195).
