2566 3886
1142 263 1380 310 —75-

465 395 658 449 praebet
688 409 892 446 sensum,
909 395 992 439 sed
1015 409 1071 439 ea
1086 403 1274 447 recepta
1290 410 1385 440 non
1402 403 1608 449 apparet,
1625 397 1866 448 quomodo
1883 396 2183 451 Neapolitani

470 490 607 535 lectio
638 505 698 534 ex
734 498 952 535 tractu
970 505 991 534 s
1022 490 1133 535 oriri
1166 491 1387 543 potuerit;
1420 500 1527 536 ante
1560 492 1717 537 omnia
1748 492 1885 546 igitur
1931 502 2110 539 constat
2156 509 2183 539 a

464 585 778 639 Neapolitano
829 600 932 631 esse
978 585 1386 639 proficiscendum,
1433 601 1589 639 neque
1635 596 1792 632 tamen
1845 596 1935 632 att
1954 604 2020 633 ra
2036 597 2142 634 ctu
2161 605 2182 634 s

465 689 625 733 aptum
672 681 859 726 ducitur
904 681 1157 726 contextui.
1205 681 1284 726 At
1302 697 1326 726 r
1342 696 1369 726 a
1386 690 1450 727 tu
1468 697 1489 726 s
1532 691 1688 727 autem
1736 683 1874 736 volgo
1911 683 2182 729 defenditur

467 776 539 820 his
571 775 713 820 locis:

467 871 610 924 Verg.
642 871 766 916 Aen.
797 870 934 923 VIII,
967 870 1078 915 711:
1111 880 1279 925 magno
1311 880 1599 916 maerentem
1631 886 1830 924 corpore
1862 872 2029 918 Nilum

465 966 594 1011 Pers.
842 966 928 1017 vl,
977 966 1060 1010 47:
1092 966 1397 1019 ingentesque
1428 967 1548 1011 locat
1579 965 1814 1012 Caesonia
1846 968 2040 1014 Rhenos

467 1061 561 1107 Ov.
599 1061 661 1106 A.
699 1061 761 1107 A.
794 1062 831 1114 Ι,
863 1060 980 1106 2193

700 1166 839 1210 atque
870 1157 1024 1210 aliqua
1054 1171 1114 1201 ex
1145 1156 1233 1201 illis
1264 1171 1373 1201 cum
1405 1165 1566 1210 regum
1599 1157 1791 1202 nomina
1820 1167 2028 1211 quaeret,

820 1267 942 1305 quae
973 1253 1088 1304 loca,
1119 1251 1200 1304 qui
1232 1260 1429 1304 montes,
1461 1267 1645 1305 quaeve
1676 1253 1887 1298 ferantur
1917 1269 2092 1307 aquae;

701 1347 858 1392 omnia
909 1347 1166 1400 responde3
1221 1362 1308 1392 nec
1344 1337 1540 1392 ¹tantum
1596 1348 1724 1401 signa
1769 1348 1954 1402 negabit

816 1451 864 1488 et
906 1458 1028 1495 quae
1060 1442 1295 1494 nescieris,
1328 1450 1379 1487 ut
1410 1441 1532 1488 bene
1563 1452 1673 1488 nota
1703 1444 1841 1489 refer.

702 1538 778 1584 hic
825 1547 894 1583 est
926 1538 1203 1592 Euphrates,
1250 1538 1543 1591 praecinctus
1589 1539 1825 1597 arundine¹
1851 1540 2075 1593 frontem3

822 1633 899 1678 cui
930 1647 1066 1678 coma
1096 1633 1331 1686 dependat
1362 1634 1561 1685 caerula,
1594 1632 1746 1687 Tigris
1778 1634 1878 1679 erit.

465 1727 574 1773 Stat.
606 1726 758 1772 Theb.
792 1727 828 1779 Ι,
860 1726 975 1771 264:
1006 1726 1207 1772 aerisoni
1239 1727 1442 1780 lugentia
1471 1727 1664 1772 flumina
1696 1727 1810 1773 Nili.

468 1823 560 1868 His
577 1823 690 1868 locis
705 1823 812 1868 freti
830 1822 1104 1875 Solbiskyus
1123 1820 1227 1880 (De
1245 1822 1412 1867 Codic.
1447 1823 1587 1875 Prop.
1620 1838 1664 1875 p.
1700 1821 1811 1881 147)
1842 1833 1888 1869 et
1920 1825 2179 1880 Postgatius

465 1934 492 1964 a
508 1927 526 1962 t
542 1934 565 1963 r
581 1933 608 1963 a
624 1926 687 1963 tu
705 1933 727 1962 s
758 1933 926 1962 verum
963 1918 1213 1962 duxerunt.
1247 1917 1524 1962 Rectissime
1553 1926 1708 1963 tamen
1741 1919 1962 1965 observat
1978 1920 2179 1967 Carolus

469 2013 646 2059 Brandt
660 2011 881 2071 (Quaest.
908 2013 1048 2066 Prop.
1081 2029 1126 2067 p.
1160 2011 1255 2071 16):
1289 2013 1566 2066 „simulacra
1595 2013 1842 2060 fluminum
1875 2015 2062 2061 ferculis
2093 2031 2180 2069 per

467 2109 757 2161 triumphum
774 2109 935 2153 lata—
953 2108 1102 2161 agitur
1120 2108 1246 2153 enim
1264 2109 1324 2153 de
1355 2108 1556 2162 Augusti
1589 2109 1827 2163 triumpho
1857 2110 1966 2155 anni
2003 2110 2089 2156 725
2123 2137 2179 2143 —

466 2204 696 2249 arundine
728 2213 775 2249 et
804 2203 903 2248 aliis
936 2212 1128 2249 naturae
1160 2219 1324 2249 eorum
1358 2203 1590 2248 indicibus
1607 2205 1916 2259 ornabantur;
1939 2208 2180 2259 quomodo

465 2307 620 2344 autem
667 2299 908 2344 communi
955 2313 1008 2343 ac
1047 2298 1225 2352 vulgari
1257 2299 1538 2344 vestimento
1570 2299 1894 2345 Romanorum
1927 2301 2179 2347 fluviorum

466 2395 571 2440 ficta
602 2394 786 2447 poetico
817 2394 1003 2439 artificis
1035 2394 1192 2439 animo
1223 2394 1373 2439 forma
1403 2394 1538 2447 perdi
1569 2403 1616 2439 et
1646 2409 1721 2439 ars
1753 2396 1999 2448 sculptoris
2032 2398 2178 2442 velari

466 2488 679 2542 potuim>

463 2583 638 2637 Neque
683 2593 839 2630 tamen
872 2600 979 2629 cum
1011 2599 1070 2629 eo
1101 2599 1238 2629 cum
1270 2586 1345 2630 ah
1376 2594 1638 2631 tractus
1669 2586 1875 2632 scribere
1907 2588 2031 2639 volo,
2064 2604 2178 2642 quo-

463 2678 587 2723 niam
630 2680 746 2724 haec
793 2679 1052 2723 interiectio
1097 2680 1222 2731 apud
1272 2688 1483 2725 nostrum
1530 2690 1610 2726 aut
1655 2682 1954 2735 imprecantis
2001 2692 2070 2728 est
2101 2693 2180 2729 aut

464 2773 682 2826 dolentis;
714 2772 798 2831 (cf.
831 2774 1127 2827 Kuttnerum,
1160 2776 1220 2820 de
1252 2775 1392 2828 Prop.
1425 2777 1540 2820 eloc.
1573 2786 1750 2830 quaest.
1786 2777 1914 2830 1878,
1942 2794 1987 2831 p.
2008 2777 2065 2823 50
2083 2776 2179 2836 sq.)

466 2868 549 2912 sed
580 2876 917 2914 attractus
949 2869 1179 2922 integrum
1212 2871 1335 2915 duco
1367 2872 1471 2915 coll.
1504 2871 1607 2917 Cic.
1638 2873 1697 2917 ad
1729 2873 1836 2918 tam.
1871 2873 1912 2925 7,
1933 2872 2009 2918 10:
2034 2873 2178 2926 „nihil

463 2962 648 3007 duobus
694 2962 829 3007 nobis
860 2963 1061 3008 stultius:
1094 2979 1170 3009 me
1202 2965 1283 3018 qui
1315 2973 1359 3010 te
1391 2981 1486 3011 non
1520 2967 1721 3012 Romam
1753 2969 2097 3020 attraham,
2130 2977 2174 3013 te

466 3057 546 3110 qui
577 3058 671 3102 huc
701 3073 797 3102 non
829 3058 1065 3103 advoles”.

332 3245 403 3291 37.
436 3246 507 3291 38.
570 3247 680 3292 Hoc
718 3247 947 3292 distichon
982 3248 1279 3293 Burmannus
1314 3258 1359 3293 et
1391 3249 1648 3302 Postgatius
1679 3249 1780 3308 (ed.
1815 3249 1956 3308 1894)
1986 3251 2174 3296 aliunde

467 3342 658 3394 illatum,
706 3342 982 3387 Fonteinius
1029 3342 1242 3389 Struvius
1287 3344 1459 3397 aliique
1506 3345 1717 3397 spurium
1767 3347 1964 3398 ducunt;
1998 3346 2175 3391 Keilius

464 3445 571 3483 ante
602 3436 658 3482 37
690 3437 865 3490 aliquid
898 3437 1186 3483 intercidisse
1217 3447 1360 3491 putat.
