2566 3886
357 2688 429 2733 35.

1149 272 1415 319 —123—

490 404 727 459 iugeribus
757 403 951 458 paucis!

490 514 733 554 propono:

641 595 867 640 barbarus
898 594 1134 640 exhaustis
1154 591 1195 653 ¹)
1226 594 1362 648 agitat
1393 594 1586 648 vestigia
1616 594 1803 647 lumbis,

490 705 775 744 quamquam
806 689 998 734 fortasse
1020 688 1297 741 prudentius
1314 689 1526 734 hocloco
1542 697 1689 734 artem
1707 689 1951 735 nesciendi
1968 704 2206 736 exercere.

493 881 752 926 Videamus
784 895 924 932 nunc,
956 880 1197 933 quomodo
1228 893 1395 924 versus
1426 877 1603 923 21—32
1635 879 1930 924 cohaereant.
1951 878 2206 932 Postquam

490 985 628 1030 poeta
673 984 864 1029 questus
902 983 971 1019 est
1017 974 1190 1019 amicas
1234 989 1337 1019 esse
1380 974 1586 1026 venales,
1618 975 1747 1027 quod
1779 989 1944 1019 omnes
1975 975 2207 1020 formosae

491 1072 620 1116 leves
636 1070 740 1122 sint,
757 1069 1006 1115 exclamat:
1039 1069 1286 1122 „exemplo
1317 1067 1375 1113 sit
1406 1067 1632 1114 barbarus
1663 1069 1755 1121 ille,
1787 1069 1868 1122 qui
1891 1084 2018 1115 nunc
2047 1085 2206 1116 meum

491 1167 647 1211 locum
680 1165 848 1210 tenet'’.
881 1163 948 1208 At
980 1164 1094 1209 dum
1127 1178 1288 1209 secum
1335 1172 1532 1217 reputat,
1579 1179 1721 1217 quam
1768 1165 1908 1210 foede
1954 1166 2110 1218 puella
2156 1181 2207 1211 se

490 1261 742 1314 deceperit,
788 1275 931 1313 quam
977 1259 1180 1305 incultus
1226 1267 1366 1312 atque
1398 1259 1624 1305 barbarus
1656 1259 1713 1305 sit
1744 1260 1902 1312 homo,
1934 1260 2016 1314 qui
2048 1275 2098 1306 se
2130 1276 2207 1306 ex-

490 1355 673 1410 pulerit,
705 1355 895 1400 vincula
925 1354 1096 1408 quibus
1127 1369 1261 1400 amor
1291 1370 1402 1400 eum
1433 1354 1584 1399 vinxit
1621 1356 1807 1400 solvere
1844 1355 1959 1400 vult.

490 1451 728 1504 „Nullane
751 1450 919 1496 iniuria
949 1459 1027 1496 tua
1057 1450 1242 1495 efficere
1272 1459 1438 1504 potest,
1470 1459 1520 1496 ut
1552 1451 1616 1496 tui
1649 1451 1925 1503 obliviscar;
1958 1466 2207 1505 semperne

489 1555 589 1601 ego,
626 1546 843 1599 quamvis
875 1555 1043 1600 magno
1074 1547 1237 1592 dolore
1269 1562 1416 1592 vexer
1446 1555 1587 1600 atque
1618 1562 1783 1601 carpar
1814 1544 1899 1605 (Ξ
1918 1547 2053 1593 dolor
2088 1546 2205 1606 hic),

488 1641 682 1686 vitiosae
732 1640 816 1686 tibi
838 1638 880 1699 ²)
919 1641 1120 1686 serviam
1132 1639 1214 1693 P”;
1268 1641 1367 1686 hic
1419 1642 1601 1687 dolor
1646 1642 1772 1687 enim
1818 1642 2066 1696 significat:
2114 1653 2200 1698 ego

490 1736 670 1788 dolens,
702 1736 866 1781 confer
899 1736 936 1787 Ι,
971 1735 1039 1787 18,
1075 1734 1154 1780 13:

641 1831 857 1884 quamvis
889 1831 1033 1876 multa
1063 1830 1147 1876 tibi
1179 1832 1315 1876 dolor
1345 1831 1422 1876 hic
1453 1846 1587 1877 meus
1618 1847 1783 1886 aspera
1814 1832 1968 1879 debet.

490 1927 605 1972 Non
647 1942 766 1980 opus
797 1926 934 1980 igitur
974 1926 1246 1971 Baehrensii
1290 1926 1539 1972 audaciore
1583 1927 1853 1974 coniectura
1896 1929 2078 1975 novis
2121 1944 2208 1982 pro

491 2022 634 2075 suis,
671 2036 813 2075 quam
846 2021 945 2075 ipse
978 2021 1024 2066 in
1056 2029 1185 2066 textu
1217 2035 1395 2073 ponere
1427 2037 1522 2067 non
1555 2037 1695 2068 ausus
1727 2032 1810 2069 est.

490 2118 545 2163 In
577 2118 839 2163 enarranda
869 2118 956 2162 hac
988 2125 1119 2170 parte
1151 2116 1325 2170 elegiae
1356 2118 1417 2162 de
1448 2117 1676 2164 industria
1707 2119 1842 2164 omisi
1859 2134 2024 2166 versus
2044 2119 2116 2166 29.
2134 2120 2206 2174 30,

489 2214 570 2266 qui
617 2220 887 2258 contextum
935 2211 1105 2257 misere
1152 2212 1524 2267 interrumpunt3
1571 2229 1679 2259 cum
1712 2214 1817 2259 viro
1848 2215 1988 2261 docto
2020 2215 2204 2262 Carutti

490 2318 593 2362 post
625 2308 682 2354 46
713 2308 1049 2361 transponendi
1081 2316 1203 2360 sunt,
1234 2316 1330 2353 tota
1361 2308 1487 2354 enim
1520 2309 1637 2354 haec
1668 2309 1832 2354 ultima
1862 2310 2082 2355 carminis
2098 2325 2206 2364 pars

491 2404 813 2449 demonstrare
851 2404 965 2456 vult,
998 2418 1140 2456 quam
1172 2418 1339 2448 severe
1370 2404 1625 2456 puniantur
1656 2404 1823 2450 avidae
1854 2405 2052 2457 puellae,
2083 2420 2205 2458 quae

490 2499 719 2552 pecuniae
751 2499 1004 2551 cupiditate
1035 2499 1265 2544 adductae
1296 2508 1505 2545 amantes
1537 2500 1773 2553 decipiant
1804 2509 1944 2554 atque
1976 2501 2206 2546 deserant.

490 2704 518 2734 a
548 2689 722 2742 pudeat
752 2697 879 2734 certe
910 2690 1098 2741 pudeat,
1130 2689 1219 2734 nisi
1249 2689 1371 2734 forte
1403 2691 1533 2742 quod
1565 2690 1708 2743 aiunt,

608 2784 756 2836 turpis
785 2798 918 2828 amor
948 2783 1101 2829 surdis
1131 2784 1323 2829 auribus
1354 2799 1457 2829 esse
1488 2785 1614 2829 velit.

492 2877 627 2922 Haec
658 2877 930 2930 Propertius
961 2878 1161 2931 explicat
1192 2879 1411 2931 exemplo
1442 2878 1678 2931 Cynthiae
1709 2880 2077 2934 aequalibusque
2110 2880 2206 2926 suis

493 2972 761 3018 notissimo:

493 3066 668 3118 Cerne,
700 3066 864 3119 inquit,

492 3160 652 3206 Cerne
683 3161 868 3213 ducem,
899 3162 1043 3207 modo
1073 3162 1154 3214 qui
1185 3162 1374 3208 fremitu
1406 3165 1660 3218 complevit
1691 3165 1817 3211 inani

609 3260 750 3306 Actia
780 3261 1010 3307 damnatis
1041 3276 1248 3315 aequora
1278 3262 1531 3309 militibus:

408 3389 433 3436 ¹)
484 3393 617 3428 Postea
642 3393 718 3429 vidi
745 3394 843 3428 idem
869 3393 1075 3428 coniecisse
1102 3393 1283 3429 Ottonem
1309 3391 1378 3439 (H.
1404 3396 1462 3437 2³.
1492 3408 1524 3437 p.
1551 3394 1626 3440 23).

406 3449 437 3496 ¹)
487 3463 571 3488 cum
596 3449 698 3489 ltalia
723 3453 805 3497 lego
831 3453 927 3487 tuis
954 3464 1019 3495 pro
1047 3454 1143 3488 suia
1167 3450 1222 3498 (v.
1248 3450 1323 3499 32).
