2566 3886
1123 254 1360 299 -22-

446 401 508 430 zu
566 385 681 436 sein,
743 385 883 429 deine
945 384 1242 437 Bewerbung
1298 384 1455 429 weisst
1507 384 1650 429 selbst
1702 384 1808 429 eine
1861 385 2163 439 leichtfertige

451 479 602 524 Dirne
630 479 856 524 zuriick’'.

451 575 601 619 Vides
639 583 810 626 tamen,
850 589 991 626 quam
1024 575 1142 618 dure
1173 582 1465 627 pentameter
1495 574 1769 619 hexametro
1800 574 2050 627 adiciatur;
2082 577 2165 620 sed

450 686 510 715 ex
548 670 687 715 huius
724 669 830 714 libri
868 669 1014 722 elegia
1050 669 1187 721 XIII,
1226 668 1254 713 5
1292 669 1515 714 discimus
1555 667 1745 713 Gallum
1784 669 1952 714 multas
1989 671 2166 722 puellas

450 765 707 818 decepisse,
740 765 869 817 quod
901 764 1121 809 abhorret
1152 779 1180 809 a
1211 765 1481 809 coniectura
1512 764 1761 816 proposita.

452 860 576 905 Mihi
596 857 637 918 ¹)
668 860 807 905 unice
840 875 1008 905 verum
1041 860 1243 911 videtur,
1276 860 1404 912 quod
1438 859 1539 904 Itali
1572 860 1826 905 commenti
1858 869 1989 905 sunt:

661 955 862 1001 molliter
894 955 1029 1000 irasci
1062 971 1158 1000 non
1191 955 1305 1000 sciet
1337 955 1414 1000 illa
1445 955 1542 999 tibi.

451 1051 608 1103 Quam
656 1051 973 1096 coniecturam
1022 1051 1147 1095 idem
1186 1050 1419 1103 Wittigius
1466 1051 1594 1095 hisce
1640 1051 1923 1104 argumentis
1965 1052 2167 1096 refutare

450 1155 665 1191 conatur:
690 1146 982 1199 „abgesehen
1000 1147 1171 1198 davon,
1186 1147 1269 1190 das
1285 1146 1427 1190 leicht
1443 1146 1529 1190 der
1545 1146 1779 1191 Gedanke
1795 1147 2166 1200 hervorgerufen

451 1243 645 1287 werden
684 1242 826 1294 kann,
864 1242 930 1286 als
968 1241 1029 1286 ob
1068 1241 1144 1286 die
1181 1250 1326 1294 vagae
1363 1242 1546 1294 puellae
1587 1242 1716 1287 eines
1748 1242 1950 1295 heftigen
1983 1241 2167 1287 Zornes

454 1338 719 1389 iiberhaupt
755 1337 884 1381 nicht
918 1336 1045 1389 ffihig
1075 1340 1235 1381 waren
1276 1333 1386 1394 (aus
1418 1338 1595 1382 diesem
1629 1337 1831 1383 Grunde
1862 1338 2036 1382 erklfirt
2067 1337 2166 1382 sich

450 1432 690 1478 Baehrens
736 1441 880 1485 gegen
928 1432 1057 1476 diese
1101 1419 1406 1490 Andemng)
1453 1433 1624 1477 driickt
1670 1433 1752 1477 das
1794 1432 2029 1478 Futurum
2070 1433 2164 1477 den

451 1527 717 1573 Gedanken
751 1528 879 1572 nicht
911 1528 1065 1572 scharf
1094 1537 1246 1581 genug
1276 1529 1402 1573 aus”.
1435 1527 1528 1573 Sed
1561 1529 1774 1581 plerique
1803 1529 1893 1573 viri
1919 1529 2045 1574 docti
2070 1544 2166 1574 non

448 1632 575 1668 recte
622 1623 907 1675 intellegunt,
954 1623 1068 1674 quid
1116 1623 1263 1667 verba
1306 1632 1471 1675 poetae
1515 1624 1577 1668 ita
1619 1632 1830 1669 correcta
1872 1623 1960 1668 sibi
2005 1623 2165 1668 velint.

449 1718 595 1763 Poeta
626 1726 781 1762 autem
813 1718 929 1762 haec
961 1718 1095 1762 dicit:
1129 1717 1338 1771 Cynthia
1369 1720 1516 1764 nescit
1547 1720 1748 1764 molliter
1779 1719 1938 1771 irasci;
1966 1719 2167 1764 molliter

447 1811 503 1871 (i.
524 1829 565 1858 e.
598 1814 660 1858 ita
690 1821 742 1857 ut
772 1813 936 1858 videre
962 1813 1111 1865 possis
1138 1815 1316 1866 puellas
1343 1814 1563 1860 simulare
1589 1823 1769 1860 tantum
1795 1830 1845 1860 se
1872 1815 2008 1860 iratas
2035 1812 2165 1873 esse)

448 1910 583 1954 irasci
620 1918 776 1954 autem
809 1910 978 1954 callent
1009 1918 1153 1963 vagae
1184 1910 1382 1962 puellae.
1416 1910 1651 1955 Futurum
1683 1911 1859 1963 optime
1892 1910 2164 1964 explicatur,

447 2006 485 2050 si
539 2005 836 2059 intelligimus
889 2005 1168 2050 sententiam
1223 2021 1282 2049 ex
1334 2006 1463 2051 hisce
1516 2006 1699 2050 duabus
1751 2014 1991 2051 constare:
2044 1979 2164 2051 non

449 2101 735 2145 molliter
777 2100 896 2144 tibi
940 2101 1282 2153 irascetur,
1328 2102 1378 2146 si
1422 2117 1550 2146 eam
1595 2101 1877 2146 tentabis
1920 2110 1967 2146 et
2007 2101 2164 2146 artis

449 2196 733 2241 molliter
775 2196 1101 2241 irascendi
1143 2196 1442 2248 imperita
1482 2205 1590 2242 est.

343 2409 385 2454 9.
446 2411 575 2463 quod
608 2411 646 2455 si
676 2410 797 2455 forte
828 2411 925 2455 ruis
957 2426 1052 2455 non
1084 2419 1155 2455 est
1184 2411 1418 2456 contraria
1448 2412 1617 2456 nostris

447 2505 522 2551 Sic
554 2521 720 2551 versus
736 2506 902 2558 legitur
918 2506 966 2550 in
985 2505 1060 2557 O;
1090 2506 1170 2550 sed
1191 2521 1358 2551 manus
1374 2507 1608 2551 recentior
1624 2507 1672 2551 in
1691 2506 1740 2551 N
1773 2507 2004 2552 correxit:
2036 2507 2164 2552 tuis

510 2634 520 2644 .
540 2634 550 2644 .
583 2601 763 2646 votis.
807 2601 947 2645 Hanc
986 2601 1326 2646 correctionem
1353 2617 1531 2646 meram
1549 2617 1651 2647 esse
1674 2603 1991 2648 coniecturam
2025 2603 2164 2648 docet

451 2695 623 2741 Birtius
639 2693 745 2754 (Rh
763 2696 819 2740 M
840 2696 926 2747 Ph,
942 2695 999 2740 64
1017 2712 1062 2749 p.
1082 2694 1221 2754 105);
1249 2712 1281 2741 v
1295 2712 1323 2741 o
1337 2697 1418 2741 tis
1456 2697 1592 2750 igitur
1623 2713 1719 2742 non
1751 2699 1977 2743 maiorem
2009 2708 2164 2744 aucto-

449 2792 631 2836 ritatem
663 2790 804 2835 habet
835 2806 977 2843 quam
1018 2791 1234 2836 verbis
1265 2792 1394 2844 quod
1426 2792 1626 2837 coniecit
1671 2793 1745 2837 vir
1791 2794 1957 2839 doctus
2003 2794 2164 2848 Wittig

449 2884 537 2944 (1.1.
569 2901 615 2938 p.
648 2883 730 2943 4);
762 2894 867 2930 vot
884 2886 931 2930 is
962 2895 1119 2931 tamen
1143 2887 1372 2940 praefero,
1396 2902 1504 2932 cum
1521 2888 1714 2941 propius
1729 2888 2162 2935 absitalitterarum

450 2982 668 3027 ductibus
694 2981 982 3027 traditarum.

319 3197 387 3241 11.
449 3212 544 3242 non
582 3196 665 3242 tibi
703 3197 794 3242 iam
832 3212 1036 3250 somnos,
1074 3213 1169 3243 non
1208 3198 1285 3243 illa
1320 3200 1554 3252 relinquet
1590 3200 1778 3251 ocellos,

366 3439 391 3486 ¹)
441 3443 593 3478 Mecum
620 3451 718 3479 stant
746 3444 952 3479 Muellerus
980 3445 1189 3487 Postgntius
1213 3445 1452 3482 Hartmanus.
