2566 3886
1138 283 1194 290 --
1229 257 1313 304 175
1346 283 1400 289 —

350 390 421 435 41.
483 389 548 435 sic
579 398 666 443 ego
696 398 789 435 tam
822 389 967 435 sancti
1000 390 1194 435 custode
1226 390 1418 434 reludor
1448 389 1620 435 amoris

482 485 548 530 sic
565 501 730 531 versus
746 485 912 539 legitur
927 485 975 530 in
993 485 1068 538 N;
1085 486 1274 539 longum
1291 494 1360 530 est
1374 500 1539 530 omnes
1570 484 1861 530 coniecturas
1893 498 2196 536 enumerare;

482 580 595 625 mihi
628 580 831 625 maxime
861 580 1034 625 arridet
1067 580 1333 626 Housmani
1365 578 1508 638 (JPh.
1540 580 1702 632 XXII,
1735 577 1818 638 87)
1847 589 2195 625 commentum:

630 675 696 720 sic
727 683 814 728 ego
845 684 938 720 tam
970 675 1116 720 sancti
1147 683 1303 721 custos
1334 675 1534 720 deludor
1565 675 1751 720 amoris.

1108 992 1362 1039 ELEGIA
1405 993 1566 1039 XXX.

483 1123 619 1169 Haec
662 1123 820 1177 elegia,
865 1124 926 1168 de
956 1138 1050 1177 qua
1091 1138 1218 1168 nunc
1240 1123 1515 1176 disputaturi
1547 1138 1723 1175 sumus,
1755 1123 1877 1168 inter
1907 1123 2198 1169 difficillimas

477 1218 621 1263 nostri
665 1227 830 1270 poetae
875 1217 1094 1263 habenda
1136 1226 1234 1270 est;
1278 1227 1325 1262 et
1367 1233 1653 1272 quamquam
1696 1218 1787 1263 iam
1820 1233 1944 1263 anno
1979 1217 2093 1264 1864
2124 1219 2199 1264 vir

475 1314 640 1359 doctus
672 1314 885 1359 Lindner
914 1311 1173 1369 (Fleckeis.
1204 1313 1366 1359 Jahrb.
1400 1312 1485 1365 ’64,
1517 1328 1562 1365 p.
1596 1311 1709 1371 737)
1740 1314 1847 1358 satis
1863 1314 2121 1366 prudenter
2138 1314 2198 1359 de

476 1422 532 1452 ea
562 1408 666 1462 egit,
698 1408 746 1452 in
777 1408 997 1453 omnibus
1028 1408 1311 1453 editionibus
1342 1417 1434 1453 tam
1468 1408 1694 1453 mendose
1725 1409 1895 1461 scripta
1926 1417 2008 1461 est,
2055 1424 2196 1463 quam

473 1510 581 1547 ante
625 1502 933 1548 Lindnerum.
978 1503 1161 1548 Evolve
1192 1512 1371 1549 tantum
1403 1503 1658 1548 editionem
1693 1503 1910 1557 Postgatii
1935 1501 1976 1562 ¹)
2012 1501 2197 1562 (1894),

474 1597 554 1642 ubi
578 1612 665 1650 pro
687 1613 782 1643 una
802 1599 948 1652 elegia
964 1614 1094 1644 mera
1109 1599 1367 1652 fragmenta
1387 1599 1627 1651 invenies;
1651 1599 1733 1653 qui
1750 1607 1905 1644 autem
1923 1598 2195 1652 nuperrime

475 1702 685 1738 nostrum
717 1708 906 1738 carmen
938 1693 1163 1746 tractavit,
1197 1693 1391 1739 Marcus
1424 1694 1516 1739 Ites
1547 1691 1651 1751 (De
1684 1694 1824 1746 Prop.
1857 1695 1971 1747 eleg.
2003 1694 2148 1739 inters
2170 1709 2197 1739 e

478 1787 670 1833 conexis
701 1803 746 1840 p.
778 1786 861 1846 48)
890 1789 951 1833 de
978 1788 1185 1833 carmine
1214 1788 1502 1834 restituendo
1531 1790 1782 1843 desperare
1820 1789 2020 1841 videtur,
2039 1788 2199 1834 scribit

475 1882 630 1927 enim:
659 1883 784 1935 „duo
815 1897 917 1928 esse
948 1884 1156 1928 carmina
1187 1899 1364 1936 ponere
1395 1899 1656 1936 possumus,
1689 1899 1891 1938 quorum
1924 1899 2070 1930 unum
2103 1899 2195 1929 vss.

477 1977 654 2023 27—40
697 1993 806 2023 cum
841 1977 1015 2024 13-18
1058 1978 1263 2023 efficiunt
1307 1976 1430 2036 (quo
1473 1979 1640 2024 ordine
1683 1976 1884 2037 nescio),
1923 1994 2015 2024 vss.
2050 1979 2194 2024 1—12

480 2082 639 2119 autum
671 2073 854 2119 initium
886 2074 1073 2119 alterius
1102 2075 1251 2119 sunt”.
1282 2073 1471 2126 Operae
1499 2074 1636 2127 igitur
1650 2074 1851 2127 pretium
1869 2088 1972 2119 esse
1994 2074 2195 2126 videtur,

475 2169 588 2223 quid
620 2169 681 2214 de
710 2177 805 2214 tota
836 2169 923 2213 hac
953 2168 1226 2222 quaestione
1254 2167 1557 2213 iudicandum
1582 2168 1652 2220 sit,
1675 2169 1934 2214 accuratius
1950 2183 2192 2222 quaerere.

475 2263 656 2309 Versus
700 2263 874 2309 13-18
917 2279 1025 2308 cum
1068 2263 1458 2316 praecedentibus
1495 2277 1687 2315 prorsus
1719 2278 1814 2308 non
1846 2264 2112 2308 cohaerent.
2146 2262 2192 2308 Si

475 2367 631 2403 tamen
674 2367 781 2404 ante
827 2374 1017 2404 versum
1061 2357 1117 2403 37
1162 2366 1542 2410 transponuntur,
1589 2358 1688 2402 hic
1734 2359 1791 2403 lo
1808 2372 1915 2403 cus
1960 2367 2087 2403 recte
2134 2358 2194 2403 de

475 2453 704 2498 muscosis
734 2452 822 2498 illis
853 2453 984 2507 iugis,
1015 2452 1095 2498 ubi
1129 2453 1378 2498 Musarum
1410 2453 1547 2497 sedes
1582 2461 1665 2504 est,
1697 2452 1971 2505 adhibetur;
2000 2452 2194 2504 accedit,

477 2547 604 2600 quod
637 2548 737 2592 hic
768 2562 910 2593 versu
942 2546 997 2592 37
1026 2557 1072 2592 et
1102 2548 1190 2592 hic
1217 2562 1358 2593 versu
1392 2547 1446 2592 16
1475 2547 1546 2592 bis
1562 2547 1811 2601 repetitum
1831 2548 2037 2593 colorem
2055 2547 2193 2592 habet

477 2657 591 2688 vere
623 2642 995 2696 Propertianum.

475 2736 658 2782 Versus
704 2737 879 2783 31—32
925 2746 1029 2790 post
1076 2752 1268 2782 versum
1300 2736 1358 2782 36
1394 2737 1602 2789 ponendi
1633 2746 1754 2789 sunt,
1788 2746 1839 2782 ut
1870 2736 2000 2789 prius
2033 2737 2192 2782 omnia

479 2833 708 2885 exempla,
739 2833 910 2886 quibus
942 2833 1135 2878 Amoris
1166 2833 1238 2877 vis
1269 2832 1589 2886 perspiciatur,
1621 2841 1972 2877 enumerentur.
1990 2832 2101 2877 Post
2119 2831 2190 2876 31.

478 2924 536 2970 32
568 2934 724 2971 autem
755 2927 931 2980 optime
962 2935 1222 2981 sequuntur
1254 2941 1419 2972 versus
1450 2927 1714 2979 transpositi
1748 2925 1941 2971 13—18:

630 3021 757 3074 quod
789 3021 827 3066 si
858 3036 1000 3067 nemo
1031 3030 1179 3067 exstat
1209 3022 1290 3075 qui
1321 3022 1487 3084 vicerit
1518 3021 1657 3066 Alitis
1688 3036 1831 3072 arma,

747 3116 1011 3161 communis
1043 3117 1207 3169 culpae
1240 3132 1325 3161 cur
1355 3131 1464 3161 reus
1495 3131 1616 3161 unus
1647 3125 1758 3170 agor
1773 3115 1800 3160 P

629 3209 715 3254 ista
745 3225 881 3255 senes
912 3210 1019 3255 licet
1049 3219 1269 3256 accusent
1300 3210 1519 3255 convivia
1550 3210 1670 3262 duri,

748 3318 834 3349 nos
865 3305 1008 3350 modo
1039 3305 1344 3358 propositum,
1375 3304 1484 3356 vita,
1515 3313 1720 3349 teramus
1750 3304 1851 3348 iter.

396 3432 428 3479 ι)
476 3437 522 3471 cf.
547 3437 659 3470 etiam
687 3436 944 3471 Housmanum
969 3437 1058 3472 JPh.
1083 3437 1188 3478 XVI,
1213 3449 1246 3478 p.
1272 3436 1305 3471 8.
