2566 3886
326 1076 393 1121 11.

323 2704 391 2749 12.

1131 278 1368 324 -.η-.-

458 407 598 452 Hanc
621 407 682 452 ob
705 423 892 453 causam
916 423 1024 454 cum
1044 409 1289 454 Kraffertio
1306 408 1545 468 (Beitrage
1566 427 1609 456 z.
1629 411 1736 469 Kr.)
1753 421 1798 457 et
1816 413 2178 459 Wilamowitzio

455 501 817 560 (Coniectanea‚
850 503 953 548 Ind.
986 505 1130 549 schol.
1163 503 1322 562 Gott.)
1353 506 1506 559 legere
1538 506 1707 551 velim:

575 599 702 651 quod
734 598 871 643 faciat
902 598 1052 651 nobis,
1101 599 1340 645 Pontic
1358 616 1399 653 e,
1448 601 1602 647 Roma
1632 617 1827 647 moram.

456 789 661 834 invidiae
692 789 892 835 fuimus:
925 805 1019 834 non
1053 805 1130 835 me
1162 791 1278 836 deus
1309 791 1504 836 obruit?

457 901 600 930 non:
634 885 953 930 Phillimorius
985 901 1092 930 cum
1125 885 1310 938 AFN.;
1342 888 1467 940 lege:
1515 903 1673 933 num.

456 1091 551 1121 non
583 1091 687 1122 sum
720 1086 807 1130 ego
838 1077 920 1130 qui
950 1077 1147 1122 fueram.

456 1171 651 1217 Collatis
682 1172 754 1217 his
786 1172 925 1217 locis:

455 1269 595 1321 Prop.
630 1269 690 1320 ΙΙ,
722 1267 764 1313 9.
799 1269 848 1313 l:
911 1269 996 1314 iste
1028 1270 1184 1321 quod
1217 1278 1287 1314 est
1309 1278 1394 1323 ego
1417 1284 1556 1322 saepe
1579 1269 1665 1315 fui:
1695 1270 1778 1315 sed
1800 1270 1897 1315 fors
1920 1279 1967 1315 et
1989 1270 2037 1315 in
2063 1271 2179 1316 hora

1033 1365 1123 1409 hoc
1154 1365 1256 1417 ipso
1288 1364 1437 1409 eiecto
1469 1365 1621 1410 carior
1652 1365 1768 1409 alter
1797 1365 1898 1410 erit.

620 1460 680 1512 ΙΙ,
713 1460 784 1513 25,
818 1459 894 1506 36:
927 1476 1079 1506 essem
1116 1469 1200 1513 ego
1232 1461 1360 1513 quod
1394 1475 1520 1505 nunc
1553 1468 1616 1512 tu,
1649 1469 1861 1512 tempore
1893 1461 2060 1506 vincor
2091 1470 2176 1515 ego

455 1571 564 1601 cum
598 1556 871 1601 Burmanno
903 1565 948 1601 et
981 1556 1247 1601 Hartmano
1278 1556 1470 1601 fortasse
1503 1556 1752 1609 legendum
1785 1564 1879 1600 est:

455 1666 550 1696 non
583 1667 687 1696 sum
719 1661 819 1705 ego,
868 1653 1042 1704 quod
1088 1652 1282 1696 fueram.

456 1746 788 1792 Lachmannus
843 1756 999 1792 tamen
1052 1747 1159 1792 citat
1213 1746 1445 1799 Propertii
1498 1746 1776 1791 imitatorem
1816 1746 2175 1805 Maximianum,

455 1844 568 1896 eleg.
602 1844 638 1888 Ι.
671 1843 713 1895 5,
745 1844 826 1889 ubi
859 1843 1068 1897 legimus:

574 1955 669 1984 non
701 1954 805 1984 sum
838 1948 923 1992 ego
971 1954 1001 1991 q
1019 1939 1082 1984 ui
1127 1938 1334 1990 fueram;
1366 1938 1503 1990 periit
1534 1952 1641 1990 pars
1673 1937 1875 1982 maxima
1905 1937 2064 1982 nostri.

455 2035 630 2088 Neque
661 2043 817 2079 tamen
849 2035 977 2079 addit
1010 2034 1337 2079 Florentinum
1370 2033 1470 2078 sive
1499 2033 1861 2078 Riccardianum
1887 2032 2001 2077 1224
2028 2030 2174 2090 (saec.

454 2128 594 2188 XII.)
609 2146 619 2175 ε
652 2146 683 2183 q
692 2147 723 2176 u
732 2146 760 2175 o
769 2131 799 2175 d
831 2131 888 2175 fu
898 2146 925 2175 e
933 2146 957 2175 r
966 2146 993 2175 a
1004 2146 1051 2174 m
1084 2130 1324 2181 exhibere,
1356 2130 1485 2182 quod
1504 2128 1817 2174 Baehrensius
1833 2143 2001 2173 verum
2033 2127 2175 2173 ducit.

974 2535 1066 2579 DE
1099 2533 1355 2579 ELEGIA
1386 2532 1522 2577 XIII.

454 2704 632 2749 Iniuria
662 2704 753 2748 hoc
785 2718 927 2748 versu
960 2711 1096 2748 acuta
1112 2702 1290 2754 Guyeti
1314 2699 1583 2746 emendatio
1605 2697 1832 2750 iniquus
1856 2711 1943 2749 pro
1959 2696 2171 2741 amicus

453 2799 692 2853 spernitur
723 2807 770 2843 et
801 2800 860 2843 ad
892 2798 1003 2843 alias
1020 2798 1313 2843 coniecturas
1337 2795 1647 2848 confugerunt
1663 2792 1753 2837 viri
1771 2791 1910 2836 docti.
1930 2790 2170 2836 Baehrens

453 2895 713 2947 Adonis,
762 2894 1040 2939 Kiihlewein
1090 2891 1350 2951 (Kritische
1390 2891 1754 2943 Bemerkungen
1785 2902 1847 2931 zu
1881 2886 2169 2939 Propertius,

455 2985 700 3039 Festgruss
732 2985 807 3029 fiir
840 2981 1166 3040 Heerwagen)
1198 2991 1437 3027 amatus
1469 2981 1769 3026 conicientes·
1802 2980 1895 3026 Sed
1927 2996 1987 3025 ex
2009 2981 2168 3026 verbis

453 3090 483 3118 n
499 3090 528 3119 o
542 3090 573 3118 v
587 3089 614 3118 a
645 3089 675 3126 q
690 3090 721 3118 u
736 3089 803 3118 ae
817 3089 880 3118 re
895 3089 926 3118 n
941 3074 972 3118 d
986 3088 1015 3118 o
1047 3088 1270 3125 semper
1301 3081 1426 3125 patet
1458 3088 1626 3118 vocem
1659 3076 1867 3120 amicus
1898 3083 2167 3129 corruptam

454 3184 571 3214 esse.
605 3169 732 3214 Nam
766 3169 870 3222 quis
904 3169 1200 3214 Rothsteinio
1217 3170 1447 3213 concedet
1464 3168 1655 3215 Gallum
1673 3170 1782 3215 ideo
1798 3171 1965 3223 puellis
1981 3171 2167 3224 placere

454 3266 582 3317 quod
621 3280 810 3317 semper
847 3264 959 3309 novi
998 3264 1112 3316 quid
1145 3279 1303 3308 amare
1334 3263 1523 3317 cupiat?
1554 3263 1646 3309 Sed
1680 3265 1727 3310 in
1760 3266 1916 3318 priore
1948 3266 2167 3311 carminis

450 3369 581 3412 parte
628 3358 996 3417 poeta'Zflocutus
1042 3369 1111 3404 est
1158 3360 1219 3404 de
1266 3375 1296 3412 p
1310 3375 1341 3404 u
1356 3360 1411 3404 el
1426 3360 1440 3403 l
1455 3360 1469 3404 i
1484 3374 1505 3404 s
1552 3361 1583 3404 d
1597 3375 1624 3404 e
1638 3375 1664 3404 c
1679 3375 1706 3405 e
1720 3375 1751 3413 p
1765 3369 1782 3404 t
1795 3361 1810 3405 i
1822 3375 1843 3404 s
1875 3358 1971 3418 (vs.
2003 3358 2072 3418 5),
2104 3361 2164 3405 de

451 3456 797 3509 contempti
830 3470 1029 3509 poena
1060 3455 1308 3501 doloris
1340 3452 1435 3514 (vs.
1468 3453 1543 3515 9);
1577 3455 2162 3510 videsigiturquambene
