2566 3886
358 1170 429 1215 41.

1150 282 1209 313 -’
1238 281 1325 327 213
1358 308 1414 313 -

494 411 702 457 carmina
718 411 876 456 nervis
894 420 1052 464 aptare
1068 411 1263 465 legimus
1278 426 1289 464 ;
1307 427 1415 457 nam
1433 427 1528 458 non
1546 413 1679 458 facile
1691 414 1938 468 quisquam
1953 415 2206 460 contendet

492 507 603 552 huic
633 521 823 560 quoque
855 521 1016 551 musae
1046 521 1147 551 rus
1178 507 1408 560 obtigisse,
1440 508 1521 553 ubi
1552 509 1759 554 carmina
1789 517 1992 554 caneret.

492 601 666 646 Totum
699 616 889 646 versum
921 601 1058 654 igitur
1088 602 1154 646 sic
1185 602 1352 646 scribo:

610 696 920 749 diversaeque
951 711 1125 741 novem
1157 697 1343 741 sortitae
1374 697 1476 742 iura
1506 698 1704 750 puellae.

492 919 504 930 .
522 919 532 930 .
551 919 561 930 .
580 919 591 930 .
624 894 683 931 et
728 886 805 931 illa
835 901 977 931 manu
1008 886 1121 930 texit
1152 895 1350 939 utraque
1381 901 1535 931 rosam

491 981 556 1026 sic
589 981 901 1026 Baehrensius
932 981 1039 1034 legit
1060 996 1169 1026 cum
1202 980 1269 1033 F;
1302 981 1469 1026 melius
1501 981 1645 1026 ceteri
1676 981 1889 1026 codices:
1920 997 1949 1027 a
1963 991 1981 1027 t
2010 982 2088 1027 illa
2118 991 2205 1027 etc.

491 1171 556 1215 nil
587 1170 670 1215 tibi
702 1170 759 1215 sit
788 1185 930 1215 rauca
959 1170 1208 1222 praeconia
1240 1170 1430 1215 classica
1461 1185 1611 1215 cornu

597 1266 710 1310 flere
725 1298 735 1309 .
756 1298 767 1310 .
786 1298 797 1309 .

492 1360 585 1405 Pro
637 1360 725 1404 nil
772 1359 1018 1404 Fruterius
1064 1374 1178 1404 nec
1224 1345 1493 1413 proposuit;
1543 1369 1589 1406 et
1635 1375 1746 1406 sane
1792 1376 1904 1405 nec
1951 1360 2075 1406 tibi
2123 1363 2205 1406 sit

489 1464 813 1507 exspectamus
844 1455 883 1500 si
914 1454 1226 1500 conferimus:

489 1549 632 1603 Verg.
664 1550 750 1594 ecl.
781 1549 844 1594 Χ.
876 1549 961 1595 46:
994 1565 1082 1594 nec
1113 1550 1171 1594 sit
1202 1550 1319 1594 mihi
1352 1552 1550 1596 credere
1581 1559 1759 1596 tantum

489 1643 597 1689 Tib.
630 1644 666 1696 1,
697 1643 739 1689 6.
771 1644 828 1689 24
956 1660 967 1689 :
1001 1654 1111 1690 tunc
1143 1646 1258 1690 mihi
1290 1661 1385 1691 non
1418 1647 1565 1692 oculis
1596 1647 1654 1691 sit
1684 1646 1893 1691 timuisse
1925 1646 2042 1691 meis

489 1739 628 1792 Prop.
662 1740 697 1784 1.
729 1739 801 1792 20,
836 1739 890 1784 13
953 1755 964 1784 :
995 1755 1056 1784 ne
1102 1740 1185 1784 tibi
1231 1740 1289 1785 sit
1334 1741 1479 1786 duros
1527 1738 1663 1799 (cum
1709 1738 1896 1799 Lipsio)
1942 1750 2126 1787 montes
2157 1750 2204 1786 et

998 1835 1164 1888 frigida
1195 1850 1317 1880 saxa.

996 1929 1147 1982 Galle,
1179 1945 1335 1983 neque
1367 1940 1585 1983 expertos
1616 1946 1804 1984 semper
1834 1932 1964 1976 adire
1995 1932 2138 1976 lacus.

486 2022 564 2068 Sil.
596 2023 683 2076 VI,
714 2023 801 2069 488
950 2039 962 2068 ε
995 2024 1109 2069 mihi
1141 2025 1197 2069 sit
1229 2024 1409 2078 Stygios
1440 2035 1547 2070 ante
1581 2026 1825 2071 intravisse
1857 2035 2063 2079 penates,
2093 2027 2202 2072 talia

997 2135 1135 2173 quam
1167 2120 1369 2166 videam.

487 2214 799 2260 Pseudo-Tib.
817 2214 902 2259 IV.
920 2213 961 2259 3.
979 2213 1117 2260 3neu
1149 2215 1230 2260 tibi
1262 2216 1319 2261 sit
1350 2217 1494 2261 duros
1526 2217 1707 2261 acuisse
1739 2216 1786 2260 in
1819 2216 1996 2269 proelia
2021 2217 2201 2270 dentes;

487 2309 808 2355 Rothsteinius
853 2318 1067 2354 annotat:
1114 2310 1180 2355 nil
1226 2310 1284 2355 ist
1321 2312 1581 2356 verstarkte
1613 2310 1848 2364 Negation
1882 2312 1941 2356 in
1979 2312 2203 2357 keiner

486 2404 707 2457 Weise,
754 2405 846 2450 wie
889 2405 975 2449 111.
1023 2404 1139 2449 255.
1171 2405 1265 2449 nil
1298 2421 1496 2451 moveor
1538 2407 1764 2452 lacrimisz
1796 2408 1879 2452 sed
1912 2407 2026 2452 mihi
2058 2408 2201 2462 magis

485 2499 1145 2554 placetexplicatioPostgatii,
1163 2501 1244 2553 qui
1267 2501 1357 2546 nil
1388 2501 1510 2546 tibi
1542 2502 1626 2547 sit
1656 2517 1716 2536 Ξ
1746 2502 1832 2547 nil
1864 2504 1935 2547 ad
1966 2511 2026 2548 te
2058 2503 2137 2548 sit
2161 2500 2202 2561 ¹)

487 2595 830 2647 interpretatur.

487 2690 862 2735 Praeconia
907 2691 1196 2735 classica
1240 2690 1313 2735 i.e.
1360 2691 1595 2737 navalium
1628 2692 1859 2737 bellorum
1896 2693 2072 2744 laudes,
2104 2706 2200 2736 non

486 2785 762 2829 mutandum
794 2799 896 2829 esse
928 2785 975 2829 in
1022 2785 1376 2837 praetoria
1420 2786 1727 2838 classica,
1781 2787 1909 2840 quod
1942 2786 2200 2831 Beroaldus

487 2879 716 2931 prompsit
759 2894 820 2923 ex
849 2879 1012 2924 codice
1043 2881 1334 2925 reverendae
1365 2881 1619 2933 vetustatis,
1650 2882 1981 2926 Lachmannus
2009 2882 2201 2926 demon·

487 2973 673 3025 stravit;
705 2987 791 3025 pro
821 2973 894 3018 sse
905 2989 963 3018 re
994 2974 1121 3019 flare
1138 2975 1295 3027 legens
1311 2990 1420 3019 cum
1439 2975 1603 3020 Dousa
1618 2975 1713 3020 filio
1729 2976 1965 3029 aptissime
1981 2975 2198 3020 contulit:

489 3067 612 3113 Gell.
646 3067 710 3111 N.
743 3067 805 3111 A.
835 3067 869 3123 I,
903 3067 945 3119 2,
977 3067 1031 3112 6:
1063 3069 1146 3112 has
1177 3068 1254 3113 ille
1285 3069 1448 3138 inanes
1479 3084 1587 3114 cum
1619 3070 1751 3114 flaret
1780 3069 1960 3123 glorias.

640 3161 782 3206 Mart.
812 3161 900 3213 XI,
932 3160 973 3216 3,
1006 3161 1057 3206 8:
1089 3171 1356 3216 quantaque
1390 3163 1543 3207 Pieria
1574 3163 1751 3215 proelia
1781 3163 1893 3207 flare
1924 3163 2049 3208 tuba.

490 3254 537 3300 Si
569 3269 734 3300 versus
764 3255 932 3308 raptim
963 3256 1175 3309 perlegis,
1207 3265 1345 3309 poeta
1376 3257 1435 3302 de
1467 3272 1517 3302 se
1548 3266 1599 3302 ut
1629 3257 1805 3302 bellum
1844 3257 2023 3310 gerenti
2069 3257 2198 3311 loqui

489 3350 689 3401 videtur,
720 3364 861 3401 quam
893 3349 954 3394 ob
984 3365 1086 3394 rem
1118 3350 1335 3395 Beroaldi
1365 3351 1503 3396 lectio
1534 3351 1687 3404 primo
1719 3360 1908 3404 aspectu
1933 3351 2098 3405 placet,
2115 3351 2198 3396 sed

405 3454 436 3500 ¹)
486 3469 586 3492 mon
611 3458 702 3492 nihil
727 3459 772 3492 ad
798 3469 867 3492 nos
892 3464 980 3500 ergo
1005 3465 1043 3492 et
1067 3459 1144 3493 vita
1169 3459 1260 3493 nihil
1286 3461 1331 3494 ad
1358 3471 1438 3500 nos,
1463 3459 1566 3494 'res-t.
1593 3460 1719 3494 Anim.
1745 3460 1802 3494 ⁴2.
