2566 3886
1032 711 1262 765 LIBER
1299 711 1401 764 IV.

1060 1034 1314 1081 ELEGIA
1347 1034 1383 1079 1.

329 1201 368 1246 1.
432 1201 543 1246 Hoc
588 1201 924 1255 quodcumque
970 1200 1118 1252 vides,
1165 1201 1352 1254 hospes,
1410 1214 1552 1253 quam
1599 1199 1803 1244 maxima
1850 1199 2004 1244 Roma
2062 1209 2145 1244 est.

426 1311 629 1350 quam:
677 1295 737 1348 Ο,
787 1297 916 1350 quod
963 1295 1207 1341 Palmerus
1252 1304 1298 1340 et
1332 1294 1651 1340 Phillimorius
1683 1303 1896 1346 servant;
1930 1294 2141 1348 plerique

429 1406 538 1436 cum
570 1390 789 1443 Scioppio
820 1405 936 1443 qua
966 1391 1138 1444 legunt.
1172 1390 1391 1442 Quorum
1427 1391 1503 1435 ille
1535 1387 1714 1448 (Praei.
1746 1387 1915 1448 XLV)
1931 1399 2143 1435 annotat:

429 1500 593 1531 sensus
638 1494 732 1530 est:
779 1485 963 1538 „Roma
1008 1494 1181 1539 quanta
1211 1495 1306 1531 est:
1356 1485 1509 1530 Rome
1541 1486 1588 1530 in
1621 1486 1679 1530 all
1712 1485 1768 1529 its
1800 1494 1902 1530 vast
1935 1486 2139 1530 extent'’.

428 1580 520 1626 Sed
538 1581 676 1626 nimis
692 1580 960 1634 ambiguum
979 1582 1069 1626 hoc
1086 1589 1221 1633 esset,
1238 1596 1347 1625 cum
1376 1596 1407 1633 q
1422 1597 1453 1626 u
1467 1596 1494 1625 a
1507 1596 1554 1625 m
1584 1596 1630 1625 m
1643 1596 1669 1625 a
1683 1580 1739 1625 xi
1754 1596 1800 1625 m
1814 1595 1842 1625 a
1873 1581 1938 1630 ὡς
1953 1582 2141 1637 μεγίστη

427 1675 813 1728 interpretaretur
843 1675 962 1729 quis.

430 1769 557 1823 Lege
588 1770 725 1824 igitur
755 1786 786 1823 q
801 1786 832 1815 u
847 1786 887 1816 a.

323 1947 365 1992 4.
429 1947 639 1993 Euandri
670 1949 891 2002 profugae
922 1948 1224 1994 concubuere
1258 1948 1407 1994 boves

428 2041 852 2088 Concubuere
882 2058 910 2088 a
942 2043 1248 2088 Lachmanno
1281 2044 1561 2096 defenditur,
1594 2044 1677 2088 sed
1709 2043 1837 2088 notio
1865 2043 2067 2088 obscena
2083 2044 2141 2088 ab

429 2138 519 2182 hoc
562 2138 667 2182 loco
698 2152 889 2190 prorsus
925 2138 1074 2183 aliena
1107 2147 1202 2191 est;
1234 2139 1387 2191 potior
1418 2148 1486 2184 est
1518 2138 1803 2184 Broukhusii
1821 2138 2141 2192 interpretatio

427 2247 544 2278 una
574 2232 1002 2286 procubuere;
1033 2234 1163 2287 quod
1194 2248 1255 2278 ne
1287 2234 1425 2278 nimis
1457 2233 1673 2287 ambigue
1705 2234 1881 2279 dictum
1910 2233 2141 2285 videatur,

427 2327 689 2380 comparari
720 2336 872 2380 potest
903 2328 989 2373 IV.
1023 2327 1064 2373 8.
1097 2328 1155 2374 36

576 2437 698 2467 unus
729 2431 827 2467 erat
857 2423 1005 2468 tribus
1036 2423 1084 2467 in
1116 2432 1296 2468 secreta
1326 2424 1523 2468 lectulus
1555 2423 1716 2468 herba.

647 2518 834 2570 quaeris
865 2517 1182 2563 concubitus?
1214 2519 1336 2563 inter
1366 2527 1614 2571 utramque
1645 2518 1727 2563 fui.

425 2611 604 2657 Nostro
634 2621 790 2657 tamen
822 2614 927 2657 loco
953 2613 1154 2658 verbum
1178 2613 1525 2658 concumbendi
1542 2614 1688 2658 multo
1706 2613 1849 2666 magis
1866 2613 2135 2666 ambiguum

426 2716 496 2752 est
526 2722 667 2760 quam
701 2707 786 2752 IV.
818 2707 859 2752 8.
893 2706 964 2752 36.

426 2801 589 2847 Credo
630 2802 766 2855 igitur
808 2817 916 2846 cum
961 2802 1086 2846 Italis
1130 2802 1347 2846 Palmero
1394 2801 1685 2846 Hartmano:
1732 2804 2137 2854 procubuere

426 2910 528 2940 esse
564 2895 881 2948 scribendum,
919 2897 1047 2949 quod
1084 2896 1286 2941 verbum
1324 2897 1384 2941 de
1422 2896 1576 2941 bubus
1607 2898 1834 2942 sollemne
1866 2907 1959 2942 est:
1991 2899 2135 2951 Verg.

425 2988 563 3041 VIII.
595 2988 678 3034 82:

426 3083 626 3128 candida
655 3097 740 3135 per
770 3083 934 3128 silvam
966 3098 1074 3128 cum
1106 3084 1201 3128 fetu
1233 3085 1455 3129 concolor
1485 3084 1592 3129 albo

427 3177 676 3229 procubuit
706 3178 940 3230 viridique
972 3178 1019 3222 in
1050 3178 1184 3223 litore
1216 3179 1500 3230 conspicitur
1531 3194 1622 3223 sus.

323 3352 366 3397 9.
426 3368 522 3405 quo
553 3351 671 3411 (sicz
705 3354 902 3407 FLDV.
934 3356 1098 3408 quod
1130 3352 1208 3413 N)
1238 3356 1456 3408 gradibus
1488 3371 1584 3408 eqs.

427 3456 553 3510 recte
586 3448 685 3493 Itali
716 3465 747 3502 q
761 3465 792 3493 u
806 3464 846 3493 a.

1994 3535 2042 3572 19
