2566 3886
1142 251 1379 296 -27-

472 387 644 441 Peiper
685 383 906 444 (Quaest.
946 383 1280 437 Propertianae
1311 398 1357 435 p.
1389 380 1444 439 2)
1487 382 1657 427 iniuria
1686 381 1907 436 proponit
1938 395 2182 433 pronas.

472 482 726 527 Positas
758 481 880 526 bene
912 479 1183 525 defenditur
1214 477 1360 523 Ovid.
1394 477 1548 522 Fasti:

622 592 763 630 saepe
805 585 970 629 graves
1014 573 1196 627 pluvias
1239 574 1492 625 adopertus
1524 572 1730 617 nubibus
1762 572 1942 617 Auster

741 671 954 722 concitat,
986 678 1065 714 aut
1095 669 1304 721 posita
1334 668 1422 713 sub
1454 668 1599 712 nive
1631 676 1756 712 terra
1786 668 1909 712 latet.

338 862 500 908 9—16.
562 862 743 907 Versus
774 859 922 906 9—16
953 860 1153 904 multum
1185 867 1422 903 torserunt
1453 859 1580 903 viros
1612 859 1790 910 doctos,
1820 873 2022 912 quorum
2049 871 2184 901 cona-

473 957 601 1001 mina
645 956 852 1009 reperies
898 956 1023 1008 apud
1067 954 1224 999 virum
1269 954 1460 998 doctum
1493 952 1707 998 Cartault
1737 949 1888 1009 (Rph.
1921 951 2107 1003 XXIV,
2139 966 2184 1004 p.

475 1050 558 1097 193
598 1048 741 1108 sqq.),
781 1065 938 1103 neque
969 1058 1125 1094 tamen
1158 1063 1264 1093 mea
1293 1048 1515 1101 opinione
1547 1063 1574 1092 a
1605 1056 1791 1092 nostrae
1822 1047 1983 1092 aetatis
2014 1046 2185 1091 criticis

472 1147 594 1191 bene
670 1145 1002 1198 intelliguntur.
1078 1143 1205 1189 Cum
1281 1142 1599 1196 Hertzbergio
1659 1157 1741 1187 eos
1802 1151 1965 1195 rogare
2026 1141 2184 1192 velim,

471 1242 711 1294 quomodo
771 1240 924 1285 ventis
976 1239 1187 1284 adversis
1233 1248 1278 1284 et
1324 1238 1669 1284 remorantibus
1715 1237 1849 1282 navis
1894 1236 2093 1289 provehi
2140 1245 2186 1281 et

471 1336 644 1381 auferri
676 1335 833 1388 possit.

471 1430 656 1476 Tales
700 1429 876 1475 venti
920 1430 1057 1483 igitur
1087 1445 1183 1475 non
1216 1429 1554 1482 interpretandi
1587 1437 1695 1473 sunt
1726 1427 1855 1472 venti
1887 1427 1991 1479 qui
2023 1441 2185 1471 nunc

473 1541 637 1572 mare
688 1525 1019 1578 possident
1071 1534 1130 1569 et
1178 1533 1235 1569 te
1282 1533 1700 1569 remorantur.
1754 1523 1865 1568 Hoc
1913 1521 2184 1575 Risbergius

471 1619 700 1679 (Emend.
744 1629 791 1666 et
836 1621 1004 1673 explic.
1051 1635 1096 1673 p.
1141 1618 1195 1677 5)
1227 1620 1349 1664 bene
1381 1619 1623 1670 intellexit,
1656 1619 1739 1663 sed
1771 1618 1873 1663 eius
1903 1616 2185 1662 coniecturis

474 1731 665 1769 prorsus
696 1715 812 1760 nihil
844 1715 1098 1768 proficitur.
1131 1714 1207 1760 Sic
1238 1714 1365 1759 enim
1398 1714 1555 1759 locum
1588 1713 1832 1758 restituere
1865 1713 1991 1757 vult:

626 1810 671 1855 O
704 1811 881 1855 utinam
913 1810 1140 1855 hibernae
1172 1809 1473 1862 duplicentur
1503 1818 1716 1861 tempora
1746 1808 1956 1859 brumae,

742 1914 789 1950 et
820 1905 877 1950 sit
908 1905 1033 1950 iners
1065 1904 1207 1949 tardis
1239 1904 1396 1949 navita
1427 1903 1661 1957 vergiliis,

625 2016 655 2045 n
670 2016 697 2045 e
728 2000 811 2045 tibi
843 1999 1094 2052 Tyrrhena
1124 2000 1333 2044 solvatur
1362 1999 1502 2044 funus
1534 2000 1722 2051 harena,

742 2093 892 2152 (neve
923 2094 1112 2139 inimica
1142 2109 1271 2139 meas
1302 2095 1456 2139 elevet
1487 2109 1601 2139 aura
1631 2091 1822 2151 preces)

624 2199 763 2243 atque
795 2199 881 2243 ego
913 2204 1008 2234 non
1041 2189 1228 2234 videam
1262 2190 1375 2234 tales
1407 2189 1758 2234 succedere
1790 2196 1957 2232 ventos

743 2299 852 2328 cum
884 2283 967 2328 tibi
999 2293 1246 2336 provectas
1278 2285 1417 2329 aufe
1431 2293 1524 2329 rat
1554 2285 1683 2329 unda
1713 2292 1848 2335 rateS,

625 2388 671 2423 et
702 2393 778 2423 me
810 2378 1018 2423 defixum
1050 2393 1201 2423 vacua
1231 2379 1430 2432 patiatur
1461 2378 1508 2422 in
1541 2393 1624 2423 ora

744 2474 985 2518 crudelem
1018 2474 1184 2519 infesta
1214 2489 1354 2527 saepe
1386 2489 1558 2519 vocare
1590 2489 1746 2519 manu.

475 2569 731 2620 Quomodo
777 2578 934 2613 autem
968 2569 1241 2623 Risbergius
1283 2569 1568 2615 vocabulum
1611 2570 1768 2614 tales
1800 2570 1872 2614 his
1904 2569 2186 2614 coniecturis

475 2663 722 2715 assumptis
753 2663 988 2716 explicare
1020 2664 1147 2716 velit,
1180 2679 1275 2708 non
1308 2664 1527 2717 intelligo,
1566 2679 1721 2716 neque
1753 2665 1880 2709 enim
1912 2664 2013 2709 eius
2044 2663 2186 2716 expli-

476 2758 615 2803 catio:
670 2773 789 2803 vox
842 2758 986 2803 talis
1039 2758 1325 2803 nimirum
1373 2758 1648 2803 refertur
1694 2760 1763 2804 ad
1810 2774 2032 2804 versus
2081 2758 2185 2810 qui

476 2861 823 2904 sequuntur
854 2850 1083 2911 (14—16)
1114 2853 1367 2905 quicquam
1399 2853 1532 2898 affert
1561 2854 1692 2898 lucis.

477 2946 561 2990 Est
591 2955 746 2992 tamen
778 2948 868 2999 via,
900 2963 994 3000 qua
1023 2948 1281 2992 certissime
1313 2949 1561 2993 monstrari
1592 2958 1757 3002 potest,
1789 2949 1902 3001 quid
1935 2957 2072 3001 poeta
2099 2948 2185 2992 sibi

475 3041 691 3093 voluerit,
719 3041 827 3086 licet
857 3042 957 3095 ipsa
987 3042 1134 3087 verba
1164 3042 1343 3087 restitui
1375 3057 1512 3095 posse
1534 3058 1630 3088 non
1647 3044 1944 3088 contendam.
1962 3043 2186 3095 Namque

476 3151 535 3180 ex
583 3136 762 3180 verbis:
807 3152 940 3181 cum
984 3137 1102 3182 tibi
1146 3146 1474 3190 provectas
1521 3139 1773 3183 auferet
1819 3138 1982 3182 unda
2018 3145 2186 3181 rates

476 3238 602 3282 patet
617 3245 788 3275 navem
806 3231 898 3275 iam
914 3246 941 3275 e
955 3240 1093 3283 portu
1110 3231 1291 3276 exiisse.
1312 3232 1435 3285 Ergo
1450 3233 1578 3277 venti
1596 3232 1831 3285 Cynthiae
1854 3232 2187 3285 aliquantisper

478 3323 673 3367 secundi
718 3324 894 3368 fuerint
939 3339 1131 3369 necesse
1178 3334 1261 3370 est.
1309 3325 1439 3377 Quid
1486 3326 1656 3379 igitur?
1701 3327 1836 3371 Duae
1878 3342 1953 3371 res
1985 3327 2106 3371 inter
2136 3341 2186 3370 se

476 3426 799 3470 opponuntur:
831 3427 911 3464 aut
941 3433 1086 3464 naves
1115 3420 1226 3465 vehi
1239 3435 1334 3464 non
1351 3430 1547 3474 possunt
1562 3431 1753 3475 propter
1775 3421 1970 3466 brumae
1987 3430 2185 3474 tempuS,
