2566 3886
308 2008 378 2053 27.

1086 255 1351 301 —122—

439 386 704 432 communis
768 386 1082 432 formosarum
1146 385 1397 431 mulierum
1460 386 1673 438 levitatis,
1719 387 1790 432 i.e.
1838 401 1933 432 non
1979 396 2158 433 tantum

440 481 722 535 indignarer,
762 481 799 526 si
832 482 930 527 sola
962 490 1010 526 tu
1048 482 1139 526 hoc
1185 482 1499 527 commisisses
1544 482 1710 534 scelus,
1756 490 1983 535 quantum
2030 484 2158 535 quod

439 577 531 622 iam
564 577 678 622 nulli
711 577 895 629 puellae
926 577 1165 622 confidere
1197 577 1348 622 licet.”
1381 576 1568 622 Vereor
1597 585 1754 622 tamen
1787 592 1847 622 ne
1879 577 1945 622 sic
1967 586 2160 623 testor

440 687 585 726 prave
632 672 894 725 explicetur
941 686 1064 716 neve
1111 686 1275 717 sensus
1318 671 1470 716 bonus
1501 671 1683 716 evadat.
1716 670 1820 717 Cur
1850 681 2000 725 poeta,
2032 682 2158 727 rogo,

441 767 517 812 hic
563 766 785 812 universe
832 767 893 812 de
940 766 1171 819 corruptis
1217 766 1499 811 feminarum
1532 766 1742 812 moribus
1774 766 2019 820 queritur?
2050 783 2159 813 cum

442 862 651 916 Cynthia
697 862 739 907 ei
788 877 863 908 res
910 871 993 915 est,
1040 877 1135 907 non
1184 877 1292 907 cum
1340 861 1440 906 aliis
1473 861 1761 907 mulieribus.
1795 862 2031 916 Equidem
2063 878 2159 908 non
2221 895 2226 899 -

440 957 604 1003 dubito
650 958 764 1011 quin
812 957 1050 1003 lenissima
1097 957 1321 1002 Italorum
1363 957 1634 1003 coniectura
1664 958 1823 1003 omnia
1853 958 1991 1010 plana
2020 967 2160 1012 atque

441 1053 689 1107 perspicua
719 1053 855 1098 fiant:

594 1163 851 1202 numquam
885 1156 1100 1200 septenas
1131 1156 1292 1193 noctes
1324 1148 1533 1194 seiuncta
1563 1148 1774 1194 cubares.

443 1243 599 1295 Quam
662 1243 981 1288 coniecturam
1045 1242 1083 1287 si
1125 1243 1402 1295 assuminus,
1445 1243 1614 1296 triplex
1658 1243 1841 1288 lucrum
1883 1243 2019 1289 nobis
2065 1252 2160 1289 est:

441 1339 646 1391 primum
678 1338 805 1383 enim
837 1346 975 1392 poeta
1004 1339 1095 1383 hoc
1126 1339 1231 1383 loco
1262 1339 1323 1383 de
1354 1339 1452 1383 sola
1483 1337 1691 1391 Cynthia
1721 1338 1901 1391 cogitat,
1927 1353 2083 1391 neque
2113 1338 2162 1384 in

442 1434 717 1479 universum
762 1433 991 1486 loquitur3
1030 1433 1203 1478 deinde
1234 1448 1330 1478 non
1363 1442 1542 1478 mutato
1573 1448 1692 1486 opus
1729 1449 1800 1486 pe
1818 1448 1929 1478 cca
1948 1434 2067 1478 rim
2113 1433 2161 1479 in

441 1543 472 1582 p
489 1543 516 1573 e
533 1543 559 1573 c
575 1543 601 1573 c
618 1543 645 1573 a
660 1543 684 1573 r
700 1528 714 1572 i
732 1543 767 1580 s,
800 1529 928 1581 quod
960 1528 1117 1573 invitis
1149 1528 1368 1573 scribitur
1395 1528 1653 1582 codicibus,
1675 1538 1914 1582 postremo
1946 1538 2006 1575 te
2023 1545 2044 1575 s
2062 1538 2080 1575 t
2095 1545 2162 1575 or

443 1634 460 1669 t
479 1641 505 1669 e
543 1625 666 1670 bene
698 1639 748 1669 se
779 1624 946 1669 habet:
985 1639 1093 1669 nam
1131 1632 1309 1669 testo
1328 1639 1352 1668 r
1389 1631 1449 1668 te
1481 1624 1607 1677 dicit,
1639 1634 1691 1669 ut
1721 1625 1868 1678 ipsam
1901 1625 2159 1678 Cynthiam

441 1720 706 1774 interroget,
754 1735 867 1765 num
915 1720 1106 1773 quando
1153 1718 1371 1772 peccarit.
1418 1719 1620 1764 Accedit
1666 1721 1794 1773 quod
1838 1721 1934 1765 duo
1965 1720 2163 1766 disticha

442 1840 502 1847 —
532 1824 583 1861 ut
613 1824 739 1861 amat
770 1824 929 1861 noster
959 1840 1019 1846 —
1049 1816 1297 1872 ἐμφάσεως
1327 1816 1466 1859 ἕνεκα
1495 1815 1622 1860 idem
1654 1815 1828 1861 habent
1859 1816 2056 1861 initium.

441 2008 668 2053 barbarus
700 2007 901 2053 exclusis
933 2006 1070 2060 agitat
1100 2005 1293 2060 vestigia
1323 2005 1494 2051 lumbis

593 2112 640 2147 et
671 2102 825 2148 subito
855 2102 968 2147 felix
1000 2116 1127 2146 nunc
1159 2116 1265 2146 mea
1295 2110 1438 2155 regna
1468 2101 1619 2148 tenet!

441 2197 557 2243 Non
589 2197 778 2251 contigit
795 2196 1102 2249 Phillimorio,
1120 2206 1171 2242 ut
1202 2212 1229 2242 e
1245 2213 1276 2242 x
1293 2212 1318 2242 c
1336 2198 1350 2241 l
1368 2213 1399 2242 u
1418 2197 1508 2243 sis
1546 2213 1573 2243 a
1595 2198 1861 2251 suspicione
1877 2198 2161 2252 vindicaret;

440 2302 680 2346 comparat
710 2302 867 2338 autem
899 2293 946 2337 in
979 2301 1202 2345 apparatu
1234 2293 1396 2338 critico
1427 2294 1583 2338 locum
1615 2308 1675 2338 ex
1707 2293 1828 2338 Hor.
1863 2293 1950 2346 Ep.
1986 2293 2054 2346 11,
2077 2293 2160 2339 22:

594 2389 745 2433 iussus
776 2388 907 2433 abire
938 2389 1133 2433 domum
1165 2388 1353 2433 ferebar
1383 2388 1562 2433 incerto
1594 2388 1717 2440 pede

442 2484 500 2529 ad
533 2498 629 2529 non
661 2483 836 2528 amicos
868 2483 961 2528 heu
993 2482 1109 2528 mihi
1139 2483 1283 2535 postis
1315 2491 1360 2528 et
1392 2483 1485 2527 heu

591 2579 753 2624 limina
783 2579 915 2631 dura,
947 2578 1118 2631 quibus
1164 2579 1292 2623 lum
1310 2577 1425 2623 bos
1471 2586 1517 2623 et
1547 2578 1713 2632 infregi
1745 2579 1888 2630 latus;

440 2690 549 2719 cum
581 2683 737 2719 tamen
770 2689 865 2718 non
897 2674 1087 2718 credam
1120 2673 1339 2726 cuiquam
1372 2672 1673 2726 perspicuum
1702 2673 1815 2725 fore,
1832 2673 1947 2726 quid
1964 2673 2038 2718 vir
2053 2674 2160 2719 doc-

442 2779 515 2816 tus
547 2770 634 2816 sibi
666 2770 793 2822 velit,
824 2770 949 2815 addo
979 2770 1136 2814 locum
1169 2784 1227 2814 ex
1259 2768 1359 2814 eius
1391 2769 1610 2814 versione
1641 2768 1870 2823 Anglica:

442 2865 577 2918 „The
625 2866 891 2911 outlandish
928 2865 1085 2910 fellow
1115 2864 1290 2909 bustles
1321 2873 1369 2909 to
1400 2864 1495 2908 and
1527 2864 1600 2908 fro
1632 2879 1694 2908 on
1725 2865 1805 2909 the
1836 2863 2034 2917 brawny
2064 2865 2159 2918 legs

441 2970 489 3007 to
534 2961 691 3006 which
723 2962 810 3006 her
840 2961 960 3006 door
989 2975 1086 3005 was
1118 2959 1290 3005 denied
1322 2984 1378 2989 —
1411 2960 1504 3004 and
1535 2959 1615 3004 the
1646 2967 1758 3004 next
1789 2967 2013 3011 moment,
2044 2959 2158 3004 here

442 3058 502 3102 he
534 3057 572 3102 is
604 3057 651 3101 in
683 3057 808 3109 luck,
839 3056 1110 3109 prossessed
1142 3055 1190 3100 ot
1221 3069 1301 3107 my
1333 3054 1522 3099 domain
1540 3053 1581 3098 !”

442 3152 534 3198 Sed
581 3153 839 3198 absurdum
886 3161 955 3197 est
1002 3153 1062 3196 de
1108 3151 1212 3196 viro
1258 3165 1284 3195 a
1321 3150 1476 3202 puella
1506 3165 1601 3195 non
1633 3150 1837 3195 admisso
1868 3149 2026 3194 dicere
2057 3149 2158 3195 eius

444 3247 631 3292 lumbos
661 3261 765 3292 esse
796 3245 1041 3292 exclusos!
1625 3227 1635 3235 ⁸

443 3341 628 3387 Collato
662 3342 871 3387 Iuvenal.
904 3341 945 3387 9.
978 3340 1064 3386 59:

443 3436 685 3489 Quantum
717 3445 817 3483 erat
847 3436 1057 3483 exhausti
1090 3435 1275 3483 lumbos
1308 3436 1486 3482 donare
1516 3434 1696 3482 clientis
