2566 3886
323 398 394 444 34.

348 978 390 1023 2.

325 1647 394 1692 11.

320 2603 389 2648 13.

1133 267 1371 314 -36-

457 399 629 453 dicere,
662 416 758 454 quo
790 415 955 453 pereas

457 495 604 540 Recte
638 496 692 540 L.
728 495 991 541 Muellerus
1022 511 1131 541 cum
1165 497 1328 542 Dousa
1359 497 1473 542 filio:
1516 513 1634 551 qua
1674 513 1852 551 pereas.

1076 836 1330 883 ELEGIA
1362 837 1423 883 X.

451 979 698 1024 Affueram
731 979 899 1024 vestris
930 979 1146 1024 conscius
1178 979 1224 1024 in
1257 979 1460 1024 lacrimis

453 1074 638 1119 Vocem
698 1076 797 1119 lac
815 1075 932 1119 rim
951 1075 1004 1119 is
1050 1075 1183 1119 multi
1230 1084 1504 1128 corruptum
1555 1075 1841 1129 habuerunt;
1889 1075 2091 1130 Scaliger
2127 1086 2173 1122 et

455 1169 684 1215 Heinsius
733 1171 747 1215 i
765 1171 779 1215 l
797 1171 811 1215 1
828 1186 855 1215 e
872 1186 898 1215 c
915 1185 941 1215 e
958 1170 989 1214 b
1006 1186 1030 1215 r
1046 1170 1060 1215 i
1079 1186 1114 1223 s,
1163 1170 1442 1215 Huschkius
1488 1171 1553 1215 th
1570 1172 1625 1215 al
1641 1186 1669 1216 a
1684 1187 1732 1216 m
1750 1171 1764 1215 i
1781 1187 1816 1224 s,
1865 1171 2170 1218 Cornelissen

454 1266 468 1309 l
486 1281 512 1309 a
528 1274 546 1310 t
561 1281 588 1310 e
605 1265 635 1310 b
652 1281 676 1310 r
692 1266 706 1310 i
724 1281 745 1311 s
776 1266 1103 1319 coniecerunt;
1127 1267 1209 1311 sed
1228 1274 1355 1311 recte
1373 1266 1575 1319 Paleyus
1592 1276 1830 1321 comparat
1847 1267 1883 1319 Ι,
1913 1266 1981 1312 13.
2003 1266 2058 1312 15
2074 1283 2142 1320 sq.
2159 1283 2170 1312 :

572 1361 671 1406 vidi
703 1371 789 1415 ego
819 1370 866 1407 te
897 1371 993 1407 toto
1025 1362 1236 1407 vinctum
1268 1362 1569 1415 languescere
1601 1363 1722 1407 collo

690 1466 737 1502 et
767 1457 881 1502 flere
912 1457 1107 1510 iniectis,
1139 1456 1291 1510 Galle,
1324 1458 1405 1503 diu
1437 1457 1667 1503 manibus.

456 1648 539 1693 sed
571 1649 793 1701 quoniam
826 1664 922 1694 non
954 1664 1005 1694 es
1037 1649 1214 1694 veritus
1246 1649 1510 1693 concedere
1541 1649 1677 1694 nobis

453 1745 795 1789 concedere:
828 1743 901 1796 O;
948 1745 1038 1789 hoc
1083 1743 1197 1789 Otto
1244 1741 1338 1801 (H.
1381 1743 1452 1796 23,
1485 1759 1530 1796 p.
1562 1741 1646 1801 24)
1693 1743 1929 1789 defendit:
1977 1742 2173 1796 „Gallus

452 1840 577 1884 hatte
609 1840 719 1884 dem
753 1840 975 1893 Drangea
1005 1841 1089 1885 des
1113 1839 1362 1885 Freundes
1384 1839 1713 1892 nachgegeben
1737 1840 1835 1884 und
1868 1839 1949 1884 ihn
1974 1839 2168 1893 Zeugen

452 1935 553 1980 sein
584 1936 736 1980 lassen
754 1935 907 1980 seines
925 1935 1238 1988 Liebesgliick
1269 1932 1341 1993 (v.
1367 1934 1445 1979 12:
1475 1934 1635 1986 accipe
1667 1933 1943 1979 commissae
1975 1948 2173 1979 munera

452 2029 691 2089 laetitiae).
730 2030 775 2076 C
791 2046 820 2076 o
837 2047 868 2075 n
885 2046 911 2076 c
927 2046 954 2076 e
971 2031 1002 2076 d
1020 2046 1046 2076 e
1063 2046 1087 2075 r
1103 2046 1130 2075 e
1176 2030 1350 2075 omisso
1395 2029 1580 2074 obiecto
1623 2029 1738 2074 mihi
1782 2029 2084 2075 durissimum
2128 2038 2174 2075 et

453 2126 839 2172 obscurissimum
871 2127 1078 2180 videtur;
1110 2126 1435 2179 unusquisque
1467 2140 1563 2170 non
1595 2125 1799 2170 monitus
1830 2126 2173 2170 concedere

450 2238 537 2277 per
582 2224 640 2268 lo
654 2239 679 2268 c
693 2239 722 2268 0
769 2238 795 2268 c
809 2238 836 2268 e
850 2224 880 2267 d
895 2239 922 2268 e
936 2239 960 2268 r
973 2239 1000 2268 e
1047 2222 1450 2277 interpretabitur3
1483 2223 1624 2275 vulgo
1655 2221 1813 2274 legunt
1843 2236 1952 2266 cum
1983 2221 2032 2266 V
2049 2236 2096 2266 m
2114 2220 2143 2266 2
2161 2236 2173 2266 :

451 2319 843 2371 concredere,
889 2320 1018 2372 quod
1057 2334 1163 2364 raro
1209 2318 1489 2363 absolute
1535 2317 1809 2369 adhibetur;
1841 2326 1927 2370 ego
1958 2331 2172 2370 propono

452 2413 825 2459 confidere.

452 2603 567 2649 Non
599 2606 752 2650 solum
784 2613 966 2650 vestros
998 2605 1142 2650 didici
1173 2604 1370 2650 reticere
1403 2604 1591 2649 dolores

452 2700 534 2744 Ad
565 2701 693 2745 hunc
724 2716 916 2746 versum
950 2700 1271 2745 Rothsteinius
1302 2707 1514 2744 annotat:
1547 2699 1607 2751 „d
1625 2698 1814 2742 olore
1831 2711 1852 2741 s
1884 2697 1961 2741 die
1982 2696 2171 2742 Liebes-

451 2796 730 2841 schmerzen
774 2804 895 2840 trotz
954 2797 1038 2840 des
1091 2795 1513 2848 vorhergehenden
1567 2794 1626 2838 la
1641 2793 1851 2844 etitia,
1905 2792 2012 2837 weil
2062 2791 2169 2846 iede

452 2891 615 2943 Liebe,
661 2892 782 2936 auch
829 2892 905 2936 die
949 2891 1225 2945 glflckliche,
1258 2892 1351 2936 den
1383 2890 1575 2935 antiken
1608 2888 1861 2934 Erotikern
1892 2888 1959 2933 als
1991 2887 2170 2933 Krank-

451 2986 548 3031 heit
578 2987 858 3032 erscheint''.

449 3081 624 3127 Videte
677 3091 847 3134 tamen,
900 3097 1019 3135 quos
1072 3096 1238 3127 versus
1290 3081 1398 3126 citet
1446 3082 1506 3125 ad
1552 3081 1674 3125 hanc
1720 3094 1851 3124 suam
1897 3078 2168 3131 opinionem

450 3177 767 3230 probandam:

451 3271 512 3323 ΙΙ,
547 3271 616 3324 15,
649 3272 732 3317 35:
765 3288 906 3326 quam
938 3273 1112 3325 possim
1144 3280 1328 3317 nostros
1359 3271 1449 3316 alio
1480 3271 1731 3316 transferre
1777 3269 2064 3314 dolores.

451 3365 543 3412 Sed
587 3378 682 3415 tota
722 3370 809 3414 hac
852 3369 998 3422 elegia
1034 3383 1267 3420 nusquam
1305 3366 1557 3419 quicquam
1596 3365 1791 3419 legimus
1825 3365 1886 3409 de
1932 3364 1963 3408 d
1980 3378 2009 3408 o
2025 3363 2040 3407 l
2056 3377 2086 3408 ο
2102 3377 2168 3407 re

450 3464 529 3524 (=
545 3462 855 3522 Sehnsucht);
888 3465 918 3509 d
935 3465 1042 3509 olo
1058 3479 1082 3508 r
1097 3478 1124 3508 e
1141 3478 1162 3508 s
1194 3462 1330 3516 igitur
1351 3462 1442 3507 hoc
1459 3469 1586 3506 certe
1617 3461 1721 3505 loco
1752 3474 1861 3504 cum
1876 3456 2167 3503 Beroaldoin

2556 3366 2566 3527 wfi—m——r
2562 3327 2566 3347 -
2562 3147 2566 3302 .----..-
2564 3113 2566 3124 -
