2566 3886
324 2113 396 2159 22.

325 2604 396 2650 34.

1122 260 1388 306 —303—

460 408 487 438 a
531 394 837 438 Lachmanno
875 392 1112 446 proposita
1142 407 1260 446 opus
1291 407 1394 437 esse
1426 392 1687 438 defendens
1719 393 1907 438 index
1938 393 2014 438 hic
2046 393 2172 439 idem

459 504 562 534 esse
605 504 659 534 ac
690 504 876 534 causa
906 488 1173 540 contendit;
1206 497 1256 533 ut
1286 489 1403 532 haec
1435 488 1694 541 legentibus
1726 489 2017 541 persuadeat,
2050 490 2169 534 duos

459 584 588 629 locos
620 583 783 629 Ovidii
814 584 989 628 adfert:

460 678 584 723 Fast.
617 678 702 731 IV,
735 677 848 723 228:
879 678 1023 723 index
1054 677 1252 723 laetitiae
1283 678 1430 722 fertur
1460 677 1508 722 in
1540 686 1662 722 astra
1693 693 1849 730 sonus,

459 782 525 818 et:
559 789 618 818 ex
650 773 802 818 Ponto
834 773 895 825 II,
931 772 999 825 10,
1032 772 1084 817 3:
1116 772 1412 826 auctorisque
1444 772 1515 816 sui
1532 772 1570 816 si
1587 787 1682 816 non
1700 781 1769 817 est
1785 773 1985 818 annulus
2001 772 2170 826 index;

458 868 538 922 qui
555 877 711 913 tamen
728 868 818 913 loci
835 883 1025 920 prorsus
1039 883 1134 912 non
1152 869 1475 912 demonstrare
1492 875 1686 920 possunt
1711 867 1768 911 in
1782 868 1812 911 d
1826 882 1894 912 ex
1924 868 2170 920 „causam”

458 978 584 1016 esse;
607 979 715 1008 nam
733 978 920 1016 semper
935 962 1219 1008 vocabulum
1248 962 1306 1006 in
1321 962 1351 1006 d
1366 977 1392 1006 e
1406 977 1451 1014 x,
1469 961 1648 1006 etiamsi
1671 962 1732 1007 de
1749 962 1890 1007 rebus
1907 962 2170 1015 adhibetur,

460 1073 592 1103 suam
629 1058 1010 1112 significationem
1043 1066 1198 1103 servat
1228 1057 1290 1102 ita
1321 1066 1370 1102 ut
1402 1071 1590 1109 semper
1620 1065 1666 1101 et
1697 1056 1874 1110 ubique
1890 1066 2053 1110 rogare
2070 1072 2172 1110 pos-

460 1153 618 1206 simus,
650 1153 755 1207 quis
786 1153 863 1198 ille
895 1153 1052 1204 index,
1082 1153 1109 1196 i.
1127 1167 1183 1204 e.,
1200 1152 1314 1206 quid
1332 1152 1379 1196 id
1397 1152 1467 1203 sit,
1497 1152 1624 1205 quod
1642 1152 1845 1205 aliquam
1863 1167 1964 1196 rem
1982 1151 2171 1196 indicat.

461 1248 761 1302 Quapropter
791 1263 957 1293 versus
988 1263 1096 1293 cum
1130 1248 1436 1292 Lachmanno
1467 1248 1534 1292 sic
1566 1246 1819 1292 scribatur:

609 1345 812 1389 mendax
842 1344 964 1388 fama
995 1358 1152 1395 noceS,
1183 1344 1294 1388 falsa
1325 1358 1375 1388 es
1407 1343 1522 1387 mihi
1554 1342 1757 1388 nominis
1788 1343 1945 1387 index.

460 1438 554 1483 Pro
595 1453 782 1484 noces
823 1439 951 1492 quod
988 1447 1057 1483 est
1089 1438 1135 1482 in
1169 1437 1485 1491 Neapolitano
1518 1438 1827 1483 Housmanus
1858 1434 2002 1494 (JPh.
2034 1437 2171 1490 XXI,

457 1549 501 1586 p.
537 1531 647 1592 192)
678 1549 786 1579 cum
820 1533 860 1578 F
892 1549 1080 1579 voces
1112 1531 1190 1591 (=
1222 1548 1375 1586 vaces,
1408 1542 1459 1578 ut
1487 1534 1654 1587 legitur
1670 1533 1717 1578 in
1736 1530 1859 1590 DV)
1878 1533 2032 1586 legere
2049 1532 2171 1583 vult;

458 1630 541 1674 sed
588 1630 715 1674 nulla
758 1644 809 1674 re
852 1629 1010 1674 addita
1050 1629 1249 1674 vacandi
1293 1629 1494 1674 verbum
1539 1629 1615 1673 hic
1656 1628 1795 1672 nimis
1839 1627 2093 1672 obscurum
2126 1636 2173 1672 et

457 1724 582 1776 apud
615 1723 860 1776 Ovidium,
892 1724 972 1769 ubi
1003 1724 1214 1768 absolute
1245 1723 1509 1775 adhibetur,
1541 1723 1603 1767 A.
1637 1723 1698 1767 ΙΙ.
1730 1722 1771 1766 2.
1805 1722 1858 1766 2:

608 1819 722 1863 dum
755 1827 925 1872 perago
956 1828 1112 1864 tecum
1145 1834 1307 1871 pauca,
1339 1819 1422 1863 sed
1454 1826 1572 1870 apta,
1605 1832 1734 1869 vaca,

456 1928 552 1958 non
584 1928 854 1966 cessare,
886 1914 970 1959 sed
1002 1914 1368 1959 auscultare
1399 1912 1636 1966 significat.

457 2115 505 2159 in
537 2130 885 2169 quamcumque
917 2116 1048 2160 voles
1079 2124 1226 2167 verte,
1258 2116 1459 2160 decorus
1490 2129 1587 2159 ero.

457 2210 503 2261 Q
521 2226 551 2255 u
568 2225 595 2255 a
611 2226 658 2254 m
675 2225 701 2255 c
718 2226 749 2255 u
767 2226 813 2254 m
831 2227 862 2264 q
879 2226 910 2255 u
927 2226 954 2255 e
1000 2219 1071 2255 est
1115 2210 1292 2263 optima
1338 2208 1638 2262 Neapolitani
1670 2208 1822 2260 lectio,
1858 2208 2172 2253 Baehrensius

457 2320 485 2349 a
500 2305 700 2350 lectione
718 2305 935 2351 codicum
954 2306 1000 2350 D
1014 2306 1062 2350 V
1080 2305 1120 2350 F
1152 2320 1499 2359 quacumque
1527 2305 1763 2357 profectus
1795 2318 2173 2357 quascumque

458 2399 670 2452 coniecit,
703 2401 786 2445 sed
818 2400 894 2445 hic
926 2416 1116 2454 quoque
1148 2400 1197 2445 N
1230 2415 1399 2445 verum
1431 2415 1543 2452 prae
1574 2399 1742 2445 ceteris
1773 2399 1992 2444 servavit.

460 2606 652 2654 Faunus
683 2609 899 2662 plumoso
930 2623 1034 2654 sum
1067 2609 1183 2653 deus
1215 2608 1429 2661 aucupio.

460 2701 602 2747 Multi
634 2703 837 2748 editores
868 2704 944 2748 hic
976 2704 1225 2748 lectionem
1259 2704 1305 2748 D
1322 2703 1370 2747 V
1418 2703 1458 2747 F
1472 2718 1500 2747 a
1513 2718 1544 2747 u
1558 2718 1589 2747 n
1604 2718 1635 2747 u
1651 2718 1672 2747 s
1718 2710 2013 2754 receperunt,
2061 2717 2170 2746 cum

458 2783 799 2837 Neapolitanus
815 2794 1034 2838 corrupte
1067 2786 1107 2830 F
1119 2801 1146 2830 a
1156 2801 1188 2830 v
1200 2774 1228 2830 ὁ
1241 2801 1278 2837 r,
1314 2785 1354 2829 F
1374 2785 1414 2829 L
1431 2785 1531 2830 sine
1548 2800 1688 2830 sensu
1722 2785 1761 2828 F
1776 2800 1803 2829 a
1815 2800 1846 2829 u
1861 2800 1891 2828 n
1906 2799 1934 2828 o
1948 2799 1972 2828 r
1994 2785 2172 2829 darent.

462 2876 555 2923 Sed
592 2879 796 2931 primum
828 2895 923 2924 non
955 2880 1266 2933 intelligimus,
1298 2880 1335 2924 si
1368 2880 1620 2925 Faunus
1652 2879 1699 2924 in
1731 2880 1987 2931 archetypo
2017 2878 2172 2930 fuerit,

462 2974 702 3025 quomodo
747 2974 837 3018 hoc
883 2973 931 3018 in
980 2973 1231 3019 Faunor
1289 2983 1367 3019 aut
1414 2973 1619 3018 Favor
1668 2973 1906 3025 corrumpi
1955 2973 2171 3026 potuerit.

463 3066 696 3119 „Deinde,
747 3067 809 3112 ait
866 3067 1174 3121 Rossbergius
1221 3066 1456 3125 (Lucubr.
1505 3068 1646 3120 Prop.
1692 3084 1737 3120 p.
1784 3066 1869 3124 25)
1915 3066 2171 3112 verborum

463 3161 747 3212 plumoso
788 3162 1072 3215 aucupio,
1116 3177 1225 3207 cum
1256 3162 1338 3207 vix
1368 3162 1493 3207 aliud
1525 3161 1639 3215 quid
1671 3176 1773 3206 esse
1806 3161 1996 3213 possint,
2029 3175 2170 3212 quam

460 3254 691 3309 >ablativus
722 3257 965 3309 qualitatis,
997 3257 1245 3301 durissima
1275 3265 1344 3301 est
1375 3264 1619 3308 structura,
1637 3255 1910 3308 praesertim
1929 3270 2038 3300 cum
2057 3254 2172 3299 nihil

462 3357 647 3401 poetam
679 3350 957 3403 impedierit,
989 3351 1240 3405 quominus
1258 3359 1482 3396 consueto
1499 3365 1631 3395 more
1646 3350 1915 3404 genetivum
1931 3350 2171 3402 poneret’'.

464 3442 625 3489 Scribe
656 3444 792 3498 igitur
822 3459 930 3489 cum
962 3460 1019 3490 eo
1032 3460 1044 3489 ε
1077 3444 1118 3489 F
1131 3459 1158 3489 a
1171 3461 1203 3490 u
1216 3454 1233 3489 t
1246 3460 1275 3489 o
1288 3460 1324 3489 r.
