2566 3886
390 3262 415 3303 ι)

1130 272 1398 321 —148—

469 404 593 450 noch
649 404 771 450 dazu
830 405 955 450 ohne
1013 405 1120 459 jede
1179 406 1399 459 Partikel,
1437 406 1514 451 ein
1561 416 1680 461 ganz
1726 423 1874 453 neuer
1919 408 2185 455 Gedanken

469 500 699 545 austreten
731 501 922 553 wiirde3
955 500 1181 545 zweitens
1207 501 1284 546 die
1301 501 1648 555 Beobachtung‚
1667 503 1773 547 dass
1789 503 1871 548 das
1887 503 2187 549 Adverbium

469 611 657 649 parce
703 611 795 640 nur
837 597 929 640 dan
973 595 1228 649 gebraucht
1270 596 1404 649 wird,
1435 612 1576 642 wenn
1608 613 1704 643 von
1736 598 1846 643 dem
1878 596 2073 653 Subiekt
2104 600 2188 644 des

468 691 694 736 verbums
757 691 834 735 ein
899 706 1163 744 parcere
1225 701 1463 746 ausgesagt
1524 694 1716 739 werden
1773 694 1915 746 kann,
1961 696 2187 740 wahrend

470 787 574 832 hier
606 787 879 839 Propertius
927 802 1154 840 parcus
1199 788 1371 832 wiire”.

470 882 724 936 Bellingius
755 891 911 927 autem
944 890 1136 927 versum
1171 882 1226 927 10
1258 883 1588 936 interpolatum
1619 892 1763 938 putat.
1794 883 1945 929 Vides
1976 884 2188 930 nondum

468 979 667 1023 solutam
721 993 823 1023 esse
874 979 994 1023 hanc
1041 978 1378 1032 quaestionem.
1427 978 1677 1033 Equidem,
1724 988 1970 1034 postquam
2018 980 2187 1025 iterum

467 1074 733 1128 iterumque
791 1074 948 1118 locum
1007 1074 1095 1127 legi
1154 1074 1333 1127 singula
1378 1074 1609 1119 vocabula
1653 1084 1869 1120 accurate
1915 1075 2187 1120 examinans

466 1178 606 1222 atque
638 1169 951 1221 perpendens,
985 1183 1140 1222 neque
1174 1168 1443 1214 Plessisium
1476 1185 1632 1223 neque
1664 1170 2012 1215 Rothsteinium
2031 1185 2186 1224 neque

468 1264 746 1317 Bellingium
780 1279 948 1309 verum
969 1264 1144 1310 vidisse
1160 1265 1318 1317 credo,
1336 1266 1418 1310 sed
1435 1265 1523 1310 alia
1538 1280 1657 1319 opus
1673 1280 1775 1311 esse
1792 1265 2186 1319 interpretatione.

467 1360 622 1404 Tota
664 1369 865 1405 autem
911 1360 983 1404 de
1029 1368 1249 1405 nostro
1286 1361 1427 1405 loco
1459 1361 1816 1414 disputatio
1847 1361 1963 1406 huc
1994 1359 2187 1405 redit:

471 1454 666 1506 Quam
699 1455 773 1499 ob
804 1470 931 1499 rem
964 1464 1152 1507 poeta
1182 1455 1440 1500 infamis
1472 1455 1869 1501 traducitur?

469 1550 599 1601 Quid
631 1551 1017 1602 respondendum
1035 1550 1105 1602 sit,
1123 1559 1223 1595 tum
1241 1551 1434 1596 demum
1452 1551 1789 1605 intellegemus,
1806 1566 1915 1596 cum
1932 1558 2186 1604 utrumque

471 1660 662 1690 carmen
694 1645 1117 1690 enucleaverimus.
1138 1646 1406 1698 *Postquam
1438 1654 1577 1699 poeta
1607 1646 1655 1690 in
1687 1646 1844 1698 priore
1861 1646 2036 1700 elegiae
2054 1653 2186 1699 parte

476 1755 526 1785 se
566 1740 685 1785 viles
716 1741 1038 1793 quaesiturum
1071 1755 1174 1786 esse
1205 1741 1448 1786 confessus
1479 1750 1563 1793 est,
1594 1741 1797 1786 amicum
1830 1741 2011 1786 inducit
2040 1755 2091 1786 se
2122 1740 2188 1786 sic

472 1835 874 1888 interpellantem:
908 1835 1067 1889 „Quid
1085 1835 1239 1881 dicis?
1255 1845 1300 1881 te
1317 1836 1435 1881 viles
1457 1850 1686 1889 quaerere
1697 1834 1724 1880 P
1742 1835 1890 1888 Quasi
1906 1835 2187 1889 ignoremus,

473 1930 682 1984 Cynthia
727 1946 823 1984 quo
871 1932 1014 1976 modo
1057 1940 1214 1977 tecum
1261 1931 1332 1977 sit.
1365 1931 1548 1977 Omnes
1579 1940 1712 1977 tuum
1744 1931 1917 1976 librum
1948 1931 2188 1985 legimus?

472 2026 553 2070 Ad
600 2027 716 2071 haec
762 2027 910 2071 verba
955 2026 1259 2072 subirascitur
1291 2027 1589 2079 Propertius:
1637 2026 1771 2079 „quis
1803 2041 1898 2071 non
1930 2025 2189 2079 erubescat,

472 2121 638 2174 inquit,
684 2122 792 2166 talia
837 2122 1073 2167 audiens?
1105 2123 1323 2168 Profecto
1354 2123 1445 2168 hoc
1473 2137 1587 2168 vere
1604 2122 1790 2167 dicunt:
1809 2130 1888 2167 aut
1918 2122 1979 2167 de
2006 2123 2189 2175 pudore

472 2217 723 2261 tacendum
771 2226 841 2261 est
887 2218 1091 2271 ingenuo
1111 2215 1165 2274 ¹),
1198 2218 1271 2263 i.e.
1319 2226 1399 2263 aut
1444 2218 1598 2270 pudor
1628 2217 1916 2270 abiciendus,
1948 2225 2028 2263 aut
2057 2231 2190 2263 amor

473 2319 580 2356 tuus
624 2327 685 2356 ne
728 2311 995 2365 divulgetur
1040 2311 1234 2357 caveas!
1278 2311 1371 2357 Sed
1403 2313 1519 2357 haec
1565 2326 1661 2356 non
1710 2327 1816 2357 mea
1846 2312 1984 2364 culpa
2013 2319 2108 2356 est:
2141 2309 2189 2356 Si

474 2405 683 2458 Cynthia
714 2407 829 2451 mihi
859 2415 953 2452 tam
985 2407 1130 2452 facilis
1161 2416 1282 2452 esset
1312 2422 1454 2460 quam
1484 2407 1601 2452 viles
1618 2407 1889 2452 meretrices
1905 2420 2008 2451 esse
2024 2406 2189 2457 solent,

474 2517 569 2546 non
603 2502 650 2546 in
683 2503 852 2546 malam
870 2502 1039 2546 famam
1072 2502 1351 2547 venissem''.
1384 2502 1513 2547 Nam
1545 2503 1702 2547 hanc
1733 2503 1926 2555 ipsam
1958 2500 2032 2546 ob
2063 2515 2190 2545 cau·

475 2611 596 2641 sam
658 2611 869 2641 omnes
931 2597 989 2641 in
1053 2611 1115 2641 se
1169 2597 1388 2642 oculos
1435 2596 1673 2642 defixos
1719 2597 1952 2641 habere
1997 2602 2189 2648 putat,

475 2692 640 2744 quod
674 2690 955 2743 Cynthia
985 2691 1109 2736 sibi
1141 2706 1261 2737 non
1294 2707 1523 2736 morem
1551 2690 2190 2745 gesserit.Vilespuellae

474 2786 601 2831 enim
646 2795 879 2831 amantem
911 2787 1013 2832 sine
1045 2802 1177 2831 mora
1207 2787 1440 2839 recipiunt
1470 2784 1683 2844 (XXIII,
1718 2783 1815 2844 17),
1847 2786 2002 2839 itaque
2035 2785 2191 2831 minus

472 2881 573 2926 eius
611 2882 761 2926 famae
803 2890 998 2927 nocent:
1033 2882 1249 2927 nesciunt
1280 2882 1496 2927 homines
1527 2881 1642 2935 quid
1673 2889 1797 2934 agat;
1829 2889 1925 2926 tota
1955 2881 2055 2927 eius
2093 2880 2190 2926 vita

476 2976 619 3028 domi,
652 2991 747 3021 non
780 2976 891 3021 foris
923 2976 1094 3030 agitur;
1127 2992 1222 3030 quo
1253 2985 1409 3022 autem
1441 2978 1613 3022 factum
1647 2977 1717 3028 sit,
1738 2985 1788 3021 ut
1805 2975 2013 3028 Cynthia
2025 2983 2191 3028 poetae

473 3071 646 3115 famam
679 3071 900 3122 laederet,
931 3070 1105 3116 vividis
1122 3071 1358 3116 coloribus
1389 3071 1534 3125 pingit
1565 3071 1711 3124 elegia
1743 3071 1764 3115 I
1799 3070 1879 3123 163
1909 3071 2035 3116 idem
2058 3069 2191 3123 signi·

475 3166 614 3210 ficant
645 3180 812 3210 versus
843 3165 907 3210 illi
940 3165 1169 3210 notissimi
1203 3165 1290 3217 ΙΙΙ,
1326 3165 1398 3218 25,
1433 3165 1483 3210 1:

466 3274 550 3297 cum
577 3263 713 3303 Paleyo
740 3263 842 3304 lego:
868 3269 931 3296 aut
957 3264 1074 3303 pudor
1099 3263 1278 3304 ingenuis,
1305 3270 1367 3297 aut
1394 3264 1604 3298 reticendus
1629 3274 1746 3297 amor.
1759 3261 1919 3297 Ceterae
1938 3262 2190 3297 coniectursez

465 3323 553 3355 haut
580 3323 696 3361 pudor
721 3322 900 3363 ingenuis,
926 3323 1015 3355 haut
1041 3322 1253 3356 reticendus
1278 3333 1383 3357 amor
1408 3317 1644 3365 (Hauptius),

466 3388 529 3414 aut
554 3383 672 3421 pudor
698 3381 877 3436 ingenuis,
902 3388 966 3414 aut
992 3381 1205 3415 retinendus
1230 3392 1335 3415 amor
1362 3377 1655 3424 (Bsehrensius),

591 3439 726 3469 quaere
751 3434 925 3470 ingenuas

601 3477 723 3510 fruere
749 3475 915 3517 in‘enui·
941 3427 952 3506 ι
976 3476 985 3493 ,
1000 3459 1063 3486 aut
1077 3453 1287 3487 reticendus
1305 3448 1654 3495 amor(Risbergius
1671 3463 1704 3492 p.
1723 3448 1785 3495 22)
1802 3453 1924 3487 locum
1942 3452 2190 3493 pessumdant.

464 3459 527 3486 aut
