2566 3886
1150 267 1417 313 —149—

643 399 763 444 risus
794 413 923 444 eram
956 398 1116 452 positis
1148 399 1270 445 inter
1301 400 1522 446 convivia
1552 401 1741 453 mensis,

785 503 832 539 et
862 495 922 539 de
953 509 1031 539 me
1062 502 1243 546 poterat
1272 496 1469 549 quilibet
1498 511 1601 541 esse
1632 497 1817 550 loquax.

496 590 768 643 Risbergius
804 589 1029 645 (Emend.
1062 598 1109 634 et
1139 591 1306 643 explic.
1339 591 1480 644 Prop.
1497 607 1542 645 p.
1559 590 1638 647 22)
1655 592 1776 636 hanc
1792 591 2012 636 carminis
2028 599 2208 645 partem

493 685 650 730 minus
681 684 876 729 feliciter
909 684 1166 729 enarravit:

498 788 573 833 „at
588 779 626 825 si
643 778 851 832 Cynthia
882 788 975 824 tam
1006 779 1155 824 facilis
1186 788 1308 824 esset
1338 795 1479 834 quam
1511 789 1663 825 scorta
1685 781 1775 833 illa,
1793 796 1888 826 non
1906 781 2091 826 dicerer
2106 796 2209 826 esse

492 874 691 920 extremi
723 875 771 919 in
810 889 971 920 amore
1001 874 1173 920 furoris
1203 871 1462 933 (libidinis)
1494 890 1596 929 nec,
1629 884 1679 920 ut
1710 891 1837 920 nunc
1868 876 1932 927 fit,
1963 883 2058 920 tota
2089 876 2208 921 urbe

492 969 1041 1022 infamarerCynthia
1063 969 1296 1015 amoris
1324 971 1564 1016 delicta
1592 970 2209 1024 divulgante”;confert

491 1074 647 1111 autem
678 1065 764 1110 hos
796 1065 951 1110 locos:

490 1160 527 1205 1.
560 1159 602 1213 5,
634 1159 714 1205 25:
746 1160 875 1213 quod
906 1159 944 1205 si
975 1174 1122 1212 parva
1152 1168 1259 1204 tuae
1291 1159 1479 1204 dederis
1510 1159 1703 1213 vestigia
1734 1160 1916 1213 culpae,

819 1270 960 1307 quam
994 1255 1086 1300 cito
1117 1255 1178 1300 de
1208 1263 1336 1300 tanto
1367 1254 1559 1300 nomine
1590 1270 1803 1299 rumor
1834 1254 1948 1300 eris!

491 1350 527 1394 1.
559 1352 601 1402 4,
633 1349 714 1394 21:
746 1358 791 1394 et
822 1358 868 1395 te
899 1349 1076 1395 circum
1108 1364 1274 1395 omnes
1304 1350 1415 1395 alias
1447 1350 1562 1395 irata
1591 1350 1770 1402 puellas

818 1444 1003 1490 differet

492 1540 552 1584 ΙΙ.
602 1538 676 1592 23,
717 1539 795 1584 17:
826 1539 1013 1584 differet
1044 1540 1160 1584 haec
1192 1554 1450 1592 numquam
1483 1539 1574 1591 (hic
1605 1540 1736 1585 locus
1768 1540 1860 1585 huc
1892 1554 2083 1592 prorsus
2115 1555 2210 1585 non

641 1635 855 1687 quadrat,
889 1649 998 1679 cum
1033 1636 1282 1687 praecedat
1326 1650 1436 1680 nec
1479 1635 1634 1680 sinit
1678 1650 1814 1680 esse
1858 1632 2126 1693 moram).

489 1728 683 1783 Optime
723 1730 978 1783 intelligere
1009 1745 1200 1783 possum
1234 1730 1511 1783 Bellingium
1543 1727 1630 1788 (l.l.
1662 1746 1706 1784 p.
1742 1728 1883 1788 1173)
1915 1731 2036 1775 hanc
2070 1731 2208 1776 inter-

488 1824 795 1878 pretationem
812 1825 950 1870 valde
982 1824 1271 1877 improbare;
1298 1834 1544 1879 postquam
1573 1825 1700 1870 enim
1727 1833 1854 1870 recte
1881 1825 2063 1870 monuit
2078 1826 2206 1870 locos

487 1934 516 1964 a
562 1919 807 1973 Risbergio
847 1920 1007 1964 allatos
1037 1935 1133 1965 non
1165 1921 1225 1965 de
1256 1920 1533 1974 loquacitate
1565 1929 1716 1973 agere,
1748 1935 1837 1965 nec
1869 1920 1929 1964 de
1961 1919 2208 1973 Propertio

488 2014 631 2068 loqui,
664 2014 730 2059 sic
760 2014 934 2068 pergit:
967 2015 1093 2067 „und
1125 2015 1192 2059 als
1223 2015 1286 2060 ob
1316 2015 1414 2060 ihm
1441 2030 1529 2060 vor
1557 2016 1666 2060 dem
1693 2015 1858 2060 Worte
1880 2015 2050 2060 delicta
2065 2015 2207 2060 selbst

487 2108 636 2162 hange
667 2110 846 2161 wiirde,
878 2118 974 2162 sagt
1005 2124 1058 2154 er
1087 2107 1275 2167 (Risb.)
1306 2110 1353 2154 in
1383 2111 1470 2155 der
1496 2110 1837 2163 Anmerkung:
1869 2118 2112 2162 praeterea
2138 2119 2209 2154 est

488 2204 682 2249 omnino
731 2203 1027 2257 cogitandum
1082 2205 1142 2249 de
1193 2205 1365 2250 amoris
1411 2205 1511 2250 eius
1557 2205 1741 2250 vicibus
1787 2214 1834 2249 et
1878 2205 2036 2258 iurgiis
2082 2205 2203 2250 inter

486 2299 700 2344 homines
746 2299 1006 2352 divulgatis.
1053 2299 1191 2344 Dazu
1235 2299 1431 2344 braucht
1477 2299 1685 2353 Cynthia
1730 2301 1823 2345 den
1872 2301 2029 2346 Mund
2074 2301 2203 2346 nicht

486 2394 732 2447 ausgethan
775 2409 838 2439 zu
882 2394 1062 2447 haben;
1106 2394 1235 2439 diese
1281 2394 1409 2439 vices
1440 2395 1538 2439 und
1571 2395 1717 2449 iurgia
1747 2395 1851 2440 sind
1883 2395 1931 2440 in
1964 2396 2073 2440 dem
2105 2410 2201 2440 von

487 2494 698 2547 Properz
718 2495 1157 2548 herausgegebenen
1181 2495 1343 2540 Buche
1374 2494 1582 2548 Cynthia
1611 2496 1867 2541 schriftlich
1883 2495 2200 2541 verzeichnet.

486 2590 551 2635 Es
573 2593 700 2635 ware
722 2590 846 2635 doch
868 2589 1195 2634 absonderlich
1218 2590 1324 2635 dass
1341 2591 1427 2635 der
1444 2590 1623 2636 Romer
1642 2591 1852 2643 Properz
1869 2592 1951 2636 das
1967 2591 2200 2636 romische

485 2684 740 2730 Publikum
784 2699 836 2729 so
876 2684 1023 2728 slecht
1053 2684 1242 2736 kannte,
1274 2700 1354 2729 um
1387 2685 1516 2730 nicht
1546 2687 1944 2738 vorauszusehen,
1977 2687 2083 2731 dass
2115 2687 2201 2731 der

487 2780 645 2833 Erfolg
674 2780 859 2824 solcher
888 2779 1325 2832 Veroffentlichung
1354 2779 1431 2824 die
1462 2780 1651 2825 infamia
1680 2781 1781 2825 sein
1812 2781 2022 2825 wiirde.”

487 2874 584 2926 Qui
626 2889 703 2918 me
745 2873 1058 2926 disputantem
1102 2882 1289 2919 secutus
1332 2874 1434 2926 erit,
1465 2875 1579 2919 mihi
1626 2876 1855 2920 concedet
1901 2875 2200 2920 incommoda

485 2976 624 3021 atque
667 2967 955 3012 difficultates
998 2983 1114 3021 quas
1158 2968 1410 3022 Bellingius
1451 2969 1499 3013 in
1541 2969 1773 3022 Risbergii
1816 2970 2197 3022 interpretatione

484 3062 575 3107 loci
617 3061 851 3106 in‘venerit
894 3077 1000 3107 mea
1041 3063 1132 3107 loci
1162 3063 1452 3115 expositione
1483 3064 1604 3115 tolli;
1637 3064 1805 3117 quodsi
1837 3064 2089 3118 Bellingius
2121 3080 2198 3109 me

485 3165 628 3210 roget,
650 3171 796 3210 quare
811 3166 949 3210 poeta
978 3157 1179 3202 ediderit
1209 3157 1380 3202 librum
1412 3172 1507 3210 quo
1538 3158 1664 3202 edito
1695 3158 1869 3202 sciebat
1900 3173 1950 3203 se
1977 3158 2197 3203 infamem

483 3251 694 3296 futurum
710 3265 827 3302 esse,
849 3252 1175 3304 respondeam,
1198 3251 1376 3296 etiamsi
1398 3251 1570 3296 librum
1594 3267 1690 3296 non
1706 3252 1941 3305 edidisset,
1958 3253 2196 3298 neminem

486 3345 804 3398 ignoraturum
845 3345 1004 3398 tuisse,
1035 3354 1086 3390 ut
1103 3361 1167 3398 se,
1185 3346 1317 3399 quasi
1340 3361 1505 3391 servus
1531 3355 1665 3398 esset,
1679 3347 1893 3400 gessisset
1908 3345 1991 3405 (cf.
2008 3347 2195 3401 XXIII,

485 3437 552 3500 7),
584 3453 724 3495 quam
754 3440 898 3487 multa
928 3439 1113 3487 fecisset
1144 3440 1347 3497 ingenuo
1377 3441 1590 3498 indigna3
1624 3440 1831 3497 Cynthia
1862 3443 1987 3490 enim
2005 3451 2190 3499 poetam
