2566 3886
1182 276 1447 324 ..290-

391 411 458 457 13.
520 412 692 457 bucina
723 410 917 464 cogebat
947 410 1124 463 priscos
1155 411 1214 455 ad
1246 411 1393 456 verba
1425 411 1633 464 Quirites

522 507 750 553 Heinsius
780 506 1005 551 coniecitz
1037 507 1096 551 ad
1129 515 1352 559 saepta,
1385 507 1467 551 sed
1499 509 1684 552 confer:

520 603 614 648 Ov.
648 602 772 648 Fast.
805 602 867 654 V,
900 601 1010 646 527:
1034 599 1076 659 ¹)
1093 602 1203 646 huic
1219 610 1305 655 ego
1325 602 1515 654 iuratus,
1547 602 1682 648 vobis
1713 603 1776 648 in
1808 605 2014 651 verba
2045 609 2235 662 vocatis,

1165 697 1439 751 „coniugio”
1471 698 1568 742 dixi
1599 699 1726 750 „sola
1755 699 1914 745 fruere
1946 702 2096 747 meo'’.

390 848 459 894 15.
521 864 609 894 nec
641 849 830 893 sinuosa
861 862 979 892 cavo
1011 847 1281 900 pendebant
1312 848 1419 892 vela
1449 848 1644 893 theatro.

521 944 834 989 Baehrensius
880 944 1008 988 alto
1052 943 1226 995 maluit,
1266 943 1348 987 sed
1383 942 1704 989 Rothsteinius
1736 954 1921 997 poetam
1954 947 2015 991 de
2045 962 2237 993 cavea

519 1040 721 1094 cogitare
753 1039 987 1085 observat.

387 1194 455 1240 18.
518 1194 646 1240 Cum
678 1203 901 1239 tremeret
932 1193 1083 1246 patrio
1114 1194 1320 1246 pendula
1351 1193 1487 1238 turba
1518 1209 1664 1239 sacro.

519 1290 877 1344 Hertzbergius,
895 1305 1038 1342 quem
1056 1289 1266 1342 sequitur
1284 1289 1618 1342 Rothsteinius,
1636 1299 1766 1343 putat
1782 1292 1872 1335 hoc
1889 1306 2030 1336 versu
2047 1301 2232 1344 poetam

519 1387 742 1439 cogitasse
774 1386 834 1430 de
866 1385 1245 1430 oscillationibus.
1278 1384 1353 1430 Sic
1375 1359 1541 1429 *tamen
1571 1385 1812 1430 fatendum
1848 1395 1917 1431 est
1948 1387 2235 1439 perobscure

522 1497 553 1534 p
567 1497 594 1526 e
608 1497 639 1525 n
654 1483 685 1526 d
699 1483 801 1526 ula
840 1490 857 1525 t
868 1497 898 1526 u
911 1496 935 1525 r
948 1481 979 1525 b
993 1496 1020 1525 a
1050 1481 1312 1525 adhibitum
1344 1495 1461 1525 esse.
1495 1480 1672 1526 Melius
1691 1479 1733 1539 2)
1765 1497 1955 1527 sensum
1972 1483 2112 1528 totius
2143 1483 2233 1528 loci

516 1577 719 1629 Paleyus
751 1576 944 1629 exponit
974 1577 1230 1621 vertendo:
1260 1590 1323 1620 no
1351 1591 1443 1620 one
1470 1576 1582 1621 then
1609 1577 1750 1621 eared
1773 1585 1821 1622 to
1837 1578 1948 1622 look
1964 1578 2039 1623 for
2055 1579 2232 1632 foreign

517 1673 646 1725 gods,
679 1673 819 1717 when
852 1673 931 1716 the
963 1672 1125 1716 crowd
1143 1672 1271 1724 hung
1290 1672 1337 1716 in
1354 1671 1550 1716 anxious
1567 1686 1793 1723 suspense
1809 1687 1925 1717 over
1939 1672 2062 1717 their
2077 1673 2234 1719 native

515 1768 640 1819 rites,
658 1782 755 1820 eqs.
775 1767 953 1811 Melius
970 1766 1289 1811 Phillimorius
1305 1781 1510 1819 quoque,
1527 1767 1660 1811 cuius
1677 1767 1996 1820 interpretatio
2012 1769 2127 1813 haec
2143 1777 2233 1814 est:

516 1878 671 1915 „none
703 1863 889 1907 studied
922 1871 968 1907 to
999 1871 1057 1915 go
1088 1862 1206 1907 after
1237 1862 1503 1907 outlandish
1520 1862 1634 1915 gods
1650 1862 1699 1906 in
1715 1863 1849 1907 those
1865 1863 1981 1915 days
1997 1864 2138 1908 when
2154 1865 2233 1909 the

518 1959 767 2004 multitude
795 1958 984 2011 quaked
1002 1973 1064 2003 on
1081 1958 1226 2010 tiptoe
1242 1958 1298 2002 of
1308 1958 1515 2002 emotion
1532 1966 1577 2002 at
1591 1958 1671 2002 the
1687 1957 1798 2003 rites
1814 1958 1863 2003 of
1877 1958 1998 2003 their
2013 1959 2233 2004 fathers”.

517 2054 805 2099 Pendula
851 2069 965 2098 num
1014 2062 1179 2098 metu
1227 2068 1536 2106 suspensa
1577 2053 1836 2106 significare
1867 2054 2012 2106 possit
2042 2054 2232 2107 dubito;

517 2150 749 2194 Richards
780 2146 913 2207 (CR.
948 2148 1018 2201 13,
1050 2164 1095 2201 p.
1130 2146 1212 2206 16)
1243 2163 1265 2193 s
1278 2163 1305 2193 e
1320 2149 1350 2193 d
1363 2149 1466 2193 ula
1496 2149 1718 2201 proponit
1747 2164 1843 2194 non
1865 2157 2021 2194 tamen
2038 2150 2231 2202 addenS,

515 2260 611 2297 quo
643 2260 798 2290 sensu.
827 2243 1144 2289 Verisimilius
1176 2252 1259 2296 est,
1282 2244 1411 2297 quod
1442 2243 1686 2289 Livineius
1705 2244 1931 2289 coniecit:
1961 2245 2231 2290 credula.

385 2393 454 2438 17.
517 2393 632 2438 nulli
664 2407 778 2437 eura
808 2392 894 2437 fuit
925 2399 1144 2436 externos
1175 2405 1404 2444 quaerere
1436 2391 1586 2442 divos,

584 2503 692 2532 cum
724 2495 947 2532 tremeret
978 2486 1128 2540 patrio
1159 2486 1366 2538 pendula
1395 2485 1532 2530 turba
1563 2500 1709 2538 sacro,

383 2582 452 2628 19.
514 2597 765 2636 annuaque
797 2596 996 2627 accenso
1027 2580 1267 2626 celebrare
1299 2581 1471 2625 Parilia
1496 2581 1650 2633 faeno,

583 2678 739 2731 qualia
769 2692 896 2722 nunc
928 2685 1062 2721 curto
1093 2677 1237 2721 lustra
1265 2684 1503 2721 novantur
1534 2691 1672 2729 equo.

516 2773 877 2818 celebrare:
922 2772 995 2825 N;
1040 2771 1365 2816 celebrate
1407 2771 1480 2824 D;

518 2869 587 2913 Hi
636 2883 815 2920 versuS‚
862 2868 981 2912 sicut
1028 2867 1075 2912 in
1125 2882 1233 2912 mss.
1280 2867 1447 2912 tradita
1484 2874 1605 2918 sunt,
1638 2867 1728 2911 hoc
1761 2873 1939 2910 tantum
1971 2865 2229 2919 significare

515 2973 736 3018 possunt:
784 2964 900 3008 nulli
946 2978 1060 3008 cura
1091 2963 1175 3008 fuit
1208 2962 1378 3007 Parilia
1410 2961 1664 3013 celebrare,
1697 2962 1826 3013 quod
1857 2961 2114 3007 absurdum
2145 2970 2230 3014 est,

515 3060 738 3113 quoniam
771 3059 971 3112 quisque
1003 3058 1175 3103 Parilia
1206 3057 1473 3103 celebrabat
1505 3055 1706 3110 antiquis
1738 3056 1810 3100 his
1840 3056 2145 3109 temporibus.

516 3154 838 3199 Rothsteinius
876 3162 988 3198 noto
1020 3153 1358 3206 interpretandi
1390 3152 1533 3196 modo
1564 3166 1624 3196 ex
1655 3166 1796 3196 versu
1831 3151 1885 3196 17
1916 3151 2117 3196 verbum
2149 3165 2228 3204 po-

514 3250 702 3294 sitivum
765 3249 965 3294 excutit:
1025 3248 1244 3294 omnibus
1303 3262 1416 3293 cura
1475 3247 1562 3291 fuit
1621 3247 1836 3300 antiquos
1897 3247 2011 3291 deos
2057 3246 2226 3290 colere.

428 3367 459 3413 ¹)
509 3383 618 3412 quem
645 3372 767 3405 locum
795 3376 985 3410 comparat
1012 3368 1279 3408 Sehippersius,
1306 3368 1465 3402 Observ.
1492 3367 1587 3401 Crit.
1615 3379 1647 3407 p.
1674 3369 1707 3401 4.

426 3426 457 3473 ¹)
509 3431 648 3464 Melius
687 3430 882 3464 Pleminius
920 3439 1064 3469 quoque
1104 3427 1195 3463 Rev.
1222 3427 1286 3461 Ph.
1312 3427 1400 3468 XV,
1425 3439 1460 3467 p.
1486 3427 1547 3461 42:
1573 3428 1693 3468 quand
1719 3427 1754 3461 ln
1778 3427 1877 3461 ioule
1902 3426 2076 3460 nnxieune
2106 3431 2223 3459 utten-

379 3490 457 3523 deit
482 3490 607 3524 l'iunue
633 3492 681 3524 du
708 3489 873 3524 onorifice
899 3488 1075 3522 national.
