2566 3886
333 1458 407 1504 21.

336 2222 407 2268 26.

341 3458 414 3508 29.

1125 279 1393 324 „166-

464 409 602 454 Alter
633 410 763 454 locus
794 409 1076 462 Apollodori
1109 410 1195 454 III.
1227 408 1299 462 28,
1331 425 1473 464 quem
1490 410 1598 455 citat
1631 410 1964 463 Rothsteinius‚
1981 426 2008 456 a
2024 419 2184 456 nostro

465 519 657 557 prorsus
679 504 858 549 alienus
881 513 964 549 est.
988 505 1234 550 Postremo
1256 520 1447 550 versum
1471 505 1725 550 obscurum
1742 505 1976 558 explicare
1992 515 2187 551 conatur

462 600 681 653 fingendo
728 600 775 644 in
822 600 990 645 fabulis
1037 599 1173 644 nobis
1220 600 1385 653 ignotis
1431 608 1668 645 narratum
1716 615 1819 645 esse
1866 600 2063 646 Inonem
2102 616 2187 654 per

465 704 611 740 terras
657 694 902 747 erravisse,
950 695 1077 748 quod
1125 709 1184 739 ex
1232 693 1396 740 Ovidii
1433 694 1586 741 Tastis
1616 695 1678 739 V.
1711 695 1795 740 541
1829 704 2061 748 appareat.
2093 695 2186 742 Sed

465 791 556 835 hoc
598 791 703 835 loco
741 790 856 835 nihil
893 790 1089 843 legimus
1126 789 1214 834 nisi
1253 789 1452 835 Inonem
1484 805 1511 835 a
1542 789 1693 835 Nerei
1731 790 1912 836 filiabus
1943 805 2028 843 per
2059 806 2188 837 mare

466 886 525 930 ad
557 884 770 931 Tiberim
801 886 939 931 latam
972 901 1089 931 esse.

466 981 712 1035 Quidquid
759 981 807 1026 id
853 990 936 1034 est,
979 982 1067 1028 alia
1099 983 1159 1028 de
1191 982 1278 1028 Ino
1310 982 1446 1028 nobis
1478 981 1656 1027 narrari
1688 990 2013 1035 exspectamus
2043 996 2185 1036 quam

465 1077 594 1131 quod
646 1076 856 1122 terris
910 1086 1149 1131 vagata
1200 1086 1313 1122 est.
1353 1076 1656 1123 Fortasse
1694 1092 1802 1122 cum
1834 1076 2014 1122 Jacobo
2044 1091 2187 1130 quem

466 1180 727 1226 sequuntur
759 1173 874 1217 Luc.
909 1172 1117 1218 Mueller
1147 1181 1194 1218 et
1226 1172 1460 1217 Hartman
1491 1172 1794 1218 scribendum
1826 1180 1922 1217 est:
1969 1239 1971 1242 ι

618 1267 705 1312 Ino
737 1268 875 1313 etiam
908 1268 1059 1321 prima
1089 1268 1320 1314 Thebis
1352 1276 1501 1313 aetate
1531 1268 1746 1322 fugata
1770 1275 1852 1313 est.

470 1458 783 1504 Andromede
815 1458 1034 1504 monstris
1065 1459 1215 1504 tuerat
1246 1459 1419 1504 devota
1449 1458 1640 1504 marinis

468 1554 515 1599 D
532 1569 559 1599 e
576 1569 607 1597 v
623 1569 653 1599 ο
669 1562 687 1598 t
703 1568 730 1598 a
775 1553 951 1606 optima
995 1554 1134 1599 lectio
1178 1553 1480 1607 Neapolitani
1526 1562 1624 1606 est;
1672 1554 1800 1607 quod
1844 1552 1891 1599 in
1939 1553 1986 1598 D
2008 1553 2057 1598 V
2082 1552 2123 1598 F
2148 1553 2189 1598 L

467 1648 662 1702 legimus
694 1664 741 1693 m
756 1664 785 1694 ο
798 1664 829 1693 ιι
842 1657 894 1694 st
907 1664 931 1693 r
944 1657 1000 1693 at
1013 1664 1041 1694 a
1071 1657 1226 1694 ortum
1255 1657 1338 1701 est,
1367 1657 1418 1693 ut
1445 1656 1572 1693 recte
1602 1648 1801 1701 explicat
1844 1647 2059 1700 Sobisky‚
2083 1645 2188 1706 (De

467 1743 636 1790 Codic.
668 1744 810 1797 Prop.
853 1759 898 1796 p.
946 1741 1058 1802 169)
1097 1744 1229 1797 lapsu
1272 1743 1463 1796 librarii,
1506 1743 1583 1789 cui
1621 1744 1922 1789 monstris
1953 1743 2001 1789 in
2033 1752 2190 1790 mente

467 1841 701 1886 haerebat.
735 1840 1051 1886 Coniecturae
1083 1839 1356 1885 Baehrensii
1387 1848 1601 1885 sacrata
1632 1848 1678 1884 et
1717 1839 1864 1887 Ellisii
1913 1817 2190 1892 prostrata

466 1951 525 1981 ex
568 1935 715 1981 nihilo
759 1935 892 1980 fictae
936 1943 1056 1980 sunt.
1102 1935 1278 1980 Iniuria
1321 1934 1458 1988 igitur
1490 1934 1804 1980 Baehrensius
1834 1931 2044 1992 (Proleg.
2076 1934 2186 1980 edit.

469 2046 514 2084 p.
537 2028 735 2089 XXIX)
768 2031 997 2076 devota
1027 2045 1114 2083 pro
1148 2030 1371 2076 Italorum
1403 2039 1671 2076 commento
1702 2030 1856 2076 habet.

469 2223 597 2277 quod
629 2221 667 2267 si
697 2221 819 2267 forte
850 2222 933 2267 tibi
964 2221 1259 2275 properarint
1289 2220 1382 2266 fata
1412 2220 1634 2276 quietem,

621 2317 698 2362 illa
728 2318 995 2370 sepulturae
1025 2317 1118 2362 fata
1149 2316 1285 2362 beata
1314 2324 1436 2368 tuae,

471 2412 682 2458 narrabis
714 2410 939 2464 Semelae,
973 2420 1061 2457 etc,

471 2508 547 2555 Sic
598 2509 756 2562 legunt
809 2523 917 2553 cum
970 2506 1212 2553 codicibus
1265 2506 1453 2552 Vahlen
1524 2506 1770 2553 Rothstein
1836 2507 2024 2553 Palmer
2070 2507 2188 2554 Luc.

472 2603 680 2649 Mueller
713 2603 999 2648 Phillimore.

472 2699 581 2744 Iure
624 2707 781 2744 tamen
812 2706 941 2751 rogat
974 2698 1331 2743 Lachmannus:
1364 2697 1515 2750 „Quis
1546 2697 1662 2743 terat
1691 2697 1718 2742 f
1726 2712 1753 2742 a
1769 2706 1787 2742 t
1802 2712 1830 2743 a
1859 2697 2017 2751 priore
2047 2713 2190 2744 versu

471 2794 661 2848 proprie
692 2793 854 2846 posita,
885 2794 1032 2838 altero
1063 2807 1150 2846 pro
1182 2808 1203 2838 s
1217 2808 1246 2838 o
1259 2808 1284 2837 r
1297 2801 1314 2837 t
1327 2808 1354 2838 e
1367 2792 1394 2837 Ρ

473 2889 616 2936 Hanc
646 2889 708 2934 ob
739 2903 926 2934 causam
957 2889 1113 2933 locum
1145 2888 1212 2933 sic
1242 2888 1460 2934 restituo:

623 2985 752 3039 quod
783 2984 822 3030 si
852 2984 973 3030 forte
1003 2983 1087 3029 tibi
1119 2984 1413 3037 properarint
1442 2984 1536 3029 fata
1565 2984 1787 3039 quietem,

742 3080 855 3133 ipsa,
887 3080 1126 3132 sepultura
1155 3079 1276 3125 facta
1306 3080 1442 3126 beata
1471 3088 1563 3132 tua,
1595 3079 1805 3125 narrabis
1836 3088 1923 3125 etc.

474 3177 609 3229 ipsa
654 3184 700 3221 et
746 3176 915 3221 tacta
959 3175 1257 3221 coniecturae
1303 3175 1542 3228 Italorum,
1591 3176 2039 3229 sepulturam.
2088 3181 2192 3218 tua

475 3270 749 3317 Marklandi
780 3270 1026 3316 inventum
1057 3278 1140 3316 est.

475 3468 521 3509 et
551 3460 634 3508 tibi
666 3459 913 3509 Maeonias
944 3460 1066 3508 inter
1095 3460 1313 3508 heroidas
1343 3460 1496 3508 omnis
