2566 3886
334 393 405 438 85.

336 535 407 581 86.

336 676 407 722 87.

336 1573 408 1619 93.

341 1808 438 1854 102.

1121 285 1179 291 -
1211 259 1388 305 359-

467 393 562 438 Pro
593 407 615 438 s
631 407 658 437 e
674 407 706 436 u
737 407 846 437 cum
879 391 1165 436 Baehrensio
1196 390 1374 443 legatur
1404 404 1426 435 s
1443 390 1472 434 i.

469 534 514 580 C
529 550 556 579 a
568 550 600 579 u
615 543 633 579 t
649 549 676 579 a
706 549 801 579 non
834 533 1111 578 mutandum
1143 547 1245 578 esse
1262 533 1400 577 docet
1412 532 1487 577 vir
1503 533 1667 577 doctus
1685 531 1800 577 Otto
1817 529 1911 589 (H.
1928 530 1999 584 23,
2017 547 2062 585 p.
2079 531 2177 591 47).

469 676 735 729 coniugium
766 675 950 720 laudate
981 683 1027 719 et
1058 675 1175 719 ferte
1206 682 1468 727 paternum.

468 770 685 814 Verbum
746 770 848 814 lau
865 770 896 813 d
913 777 1015 814 ate
1061 784 1121 813 ex
1166 783 1308 813 versu
1362 767 1420 813 89
1466 768 1707 820 irrepsisse
1753 783 1849 813 non
1896 768 1996 813 sine
2042 784 2180 814 causa

469 864 640 909 conicit
672 863 931 915 Hartman;
963 864 1134 908 durum
1179 863 1304 908 enim
1351 862 1427 907 hic
1459 878 1533 907 an
1551 863 1767 907 ticlim
1785 878 1895 907 aea
1926 879 2177 916 assumere,

471 973 626 1012 neque
657 958 908 1011 quicquam
940 958 1107 1011 podest
1136 957 1279 1010 Verg.
1312 956 1373 1002 G.
1407 957 1469 1008 ΙΙ,
1502 956 1614 1001 412:

586 1053 772 1098 laudato
802 1052 1005 1106 ingentia
1034 1066 1157 1104 rura,
1189 1051 1408 1104 exiguum
1440 1051 1594 1103 colito,

470 1162 612 1201 quem
645 1148 800 1191 locum
832 1146 940 1191 citat
971 1145 1243 1199 Postgatius.

472 1241 519 1287 Si
551 1250 706 1286 autem
753 1242 1018 1286 laudate
1065 1256 1124 1286 ex
1170 1256 1311 1285 versu
1344 1239 1401 1285 89
1433 1240 1632 1293 irrepsit,
1680 1240 1793 1293 quid
1827 1242 2077 1294 legendum
2109 1243 2179 1295 sit,

471 1336 861 1388 incertissimum3
907 1335 1215 1380 Housmanus
1245 1333 1390 1393 (JPh.
1421 1334 1558 1387 XVI,
1590 1350 1634 1387 p.
1670 1332 1752 1392 16)
1796 1336 2032 1381 durate
2075 1353 2181 1391 pro-

469 1431 636 1485 posuit,
668 1431 796 1485 quod
828 1432 992 1483 placet.

471 1573 564 1618 Pro
616 1573 877 1618 sentire
930 1572 1243 1618 Schraderum
1296 1570 1524 1630 (Emend.
1567 1571 1625 1617 C.
1674 1572 1759 1624 IX,
1806 1589 1851 1626 p.
1897 1571 2009 1631 183)
2054 1582 2181 1619 recte

471 1667 708 1721 scripsisse
740 1668 798 1712 le
815 1667 877 1711 ni
895 1682 962 1711 re
992 1667 1084 1712 iam
1119 1667 1449 1712 Lachmannus
1480 1667 1718 1712 intellexit.

471 1809 604 1854 cuius
635 1808 873 1854 honoratis
904 1823 1008 1853 ossa
1039 1809 1271 1853 vehantur
1301 1808 1433 1862 aquis

473 1903 567 1948 Pro
612 1903 804 1957 aquis
846 1918 955 1947 cum
1005 1903 1206 1948 Heinsio
1253 1903 1392 1948 avis
1437 1904 1777 1949 restituendum
1824 1920 1926 1949 esse
1973 1905 2020 1950 id
2052 1906 2180 1959 quod

469 1998 679 2043 defendit
710 1997 902 2043 Consol.
934 1999 992 2042 ad
1026 1998 1209 2043 Liviam
1242 1997 1329 2043 329
1360 2014 1427 2052 sq.
1459 2014 1555 2044 non
1587 2014 1705 2051 opus
1737 2008 1806 2044 est
1837 2015 1913 2045 me
1946 2010 2180 2045 monente.
