2566 3886
1128 280 1392 327 —153—

1042 482 1295 528 ELEGIA
1325 482 1486 528 XXV.

345 602 413 647 17.
474 611 519 648 at
551 603 680 648 nullo
711 602 929 648 dominae
960 602 1124 648 teritur
1155 601 1405 648 sublimine
1436 616 1580 653 amor,
1613 600 1694 654 qui

628 706 768 743 restat
798 707 885 743 etc.

471 791 679 838 Versum
714 792 767 836 17
800 801 1072 846 corruptum
1121 807 1223 838 esse
1283 792 1385 837 fere
1444 806 1610 837 omnes
1657 791 1860 836 editores
1907 790 2188 835 concedunt.

474 886 755 932 Davisiusin
768 887 889 932 notis
907 887 966 932 ad
984 886 1086 933 Cic.
1104 888 1166 932 de
1183 895 1274 932 nat.
1307 887 1368 932 D.
1402 887 1448 931 ΙΙ
1481 886 1540 932 C.
1557 886 1585 931 2
1617 886 1874 932 dominae
1906 885 2189 930 molimine

472 981 761 1035 excogitavit,
808 983 899 1027 hoc
944 997 1086 1027 sensu
1134 982 1270 1034 „licet
1311 980 1440 1026 omni
1484 989 1653 1026 conatu
1702 979 1910 1033 Cynthia
1955 979 2190 1024 adnitatur

470 1091 679 1122 amorem
723 1092 882 1122 meum
925 1091 1163 1129 amovere,
1207 1076 1272 1121 nil
1315 1076 1404 1129 agit
1447 1076 1647 1121 tamen”.
1696 1075 1753 1120 Ei
1785 1074 2050 1128 adstipulati
2081 1083 2189 1119 sunt

472 1171 784 1217 Marklandus
849 1172 1238 1218 Hemsterhusius
1300 1172 1647 1224 Lachmmnus,
1714 1179 1762 1216 et
1822 1178 1981 1216 nostra
2040 1178 2189 1215 aetate

475 1267 712 1312 Lucianus
745 1267 966 1313 Mueller.

470 1362 657 1407 Vahlen
718 1362 959 1408 vocabulis
1014 1378 1079 1408 su
1094 1363 1125 1408 b
1181 1362 1284 1407 lim
1299 1362 1313 1407 i
1328 1378 1358 1407 n
1373 1377 1400 1407 e
1458 1377 1647 1408 crucem
1701 1361 1892 1416 apponit
1944 1361 2188 1406 veritatem

469 1457 665 1511 reperiri
697 1472 834 1510 posse
863 1458 1132 1511 desperans.

471 1552 790 1598 Rothsteinius
846 1561 1060 1598 annotat:
1118 1553 1367 1605 „dominae
1425 1553 1513 1598 sub
1569 1552 1730 1597 limine
1787 1552 1950 1605 gehort
1999 1550 2047 1595 in
2094 1550 2188 1594 den

472 1647 758 1692 Relativsatz
817 1663 879 1692 zu
940 1656 1153 1700 restat,
1214 1648 1311 1692 und
1371 1647 1561 1692 limen
1623 1647 1681 1692 ist
1741 1647 1845 1691 hier
1905 1646 1982 1691 die
2043 1644 2188 1689 obere

469 1740 870 1787 Thiirschwelle”.
937 1742 1044 1796 Ipse
1102 1751 1258 1788 tamen
1316 1742 1460 1788 sensit
1504 1743 1626 1788 hanc
1672 1742 2030 1796 explicationem
2077 1739 2185 1785 satis

469 1846 729 1882 contortam
761 1853 878 1890 esse,
910 1838 1203 1892 coniecitque
1235 1836 1399 1896 (Anh
1414 1847 1524 1891 ang
1566 1853 1611 1891 p.
1644 1834 1776 1895 349):
1800 1845 1845 1882 at
1861 1837 1990 1882 nullo
2006 1835 2184 1886 teritur,

469 1933 688 1978 dominae
720 1932 808 1977 sub
839 1932 999 1977 limine
1031 1947 1164 1977 amor
1193 1933 1289 1986 qui.

470 2026 600 2079 Quid
631 2035 787 2072 autem
819 2027 1069 2081 legendum
1101 2027 1171 2079 sit,
1203 2028 1362 2073 dicere
1384 2027 1656 2080 poterimus,
1675 2028 1869 2072 simulac
1889 2026 2185 2072 statuerimus

469 2130 626 2168 utrum
673 2137 839 2167 amor
883 2123 988 2176 qui
1035 2122 1335 2168 retinendum
1367 2122 1424 2167 sit
1455 2137 1620 2168 necne.
1654 2122 1918 2168 Muellerus
1950 2122 2076 2167 enim
2108 2121 2185 2166 ad-

470 2225 599 2262 notat
629 2214 855 2275 (Praestat.
887 2218 997 2262 edit.
1029 2233 1074 2271 p.
1106 2215 1306 2275 XXX):
1345 2217 1489 2270 „illud
1521 2217 1603 2270 qui
1635 2217 1737 2262 sine
1769 2217 1914 2262 dubio
1944 2232 1972 2262 a
2003 2231 2184 2262 correc-

472 2311 651 2357 toribus
697 2312 828 2357 venit
871 2313 1107 2365 explendo
1153 2327 1310 2364 versu,
1355 2326 1464 2357 cum
1506 2327 1534 2357 a
1565 2311 1798 2365 Propertii
1829 2319 1927 2356 arte
1958 2311 2095 2356 metri
2127 2311 2184 2356 sit

472 2406 734 2459 alienum'';
781 2407 973 2452 assumit
1018 2407 1156 2461 igitur
1203 2407 1390 2452 Heinsii
1429 2407 1773 2453 coniecturam:
1805 2416 2057 2452 amator.
2090 2405 2183 2451 Sed

469 2500 731 2546 subiectum
764 2502 898 2547 verbi
930 2502 1165 2547 teritur
1195 2502 1478 2548 abstractum
1510 2503 1567 2548 sit
1599 2517 1793 2548 necesse
1824 2517 1927 2547 esse
1958 2501 2181 2556 equidem

473 2596 768 2641 Rothsteinio
813 2596 1054 2649 assentior,
1100 2612 1241 2650 quam
1289 2597 1350 2642 ob
1382 2612 1483 2642 rem
1515 2598 1627 2642 olim
1660 2597 1917 2650 cogitabam
1949 2596 2185 2641 teritur

472 2705 499 2734 e
530 2706 672 2736 versu
706 2690 760 2735 15
792 2691 1048 2744 irrepsisse,
1080 2692 1207 2745 quod
1242 2692 1480 2737 Muellero
1511 2708 1702 2746 quoque
1733 2693 1781 2737 in
1809 2700 2015 2737 mentem
2033 2691 2182 2743 venit;

471 2793 714 2838 totumque
745 2801 935 2832 versum
968 2787 1034 2832 sic
1065 2788 1309 2833 restituere
1340 2788 1583 2833 volebam:

621 2889 666 2925 at
697 2881 853 2926 nullus
884 2882 1103 2927 dominae
1134 2880 1458 2940 (removetur)
1490 2883 1651 2928 limine
1682 2891 1873 2934 amator,

469 2974 636 3027 partim
669 2973 1003 3021 Sandstroemii
1034 2976 1228 3021 invento
1260 2990 1396 3022 usus:

621 3078 666 3114 at
696 3070 824 3115 nulla
854 3070 1072 3116 dominae
1103 3068 1428 3129 (removetur)
1459 3072 1620 3117 limine
1651 3087 1812 3117 amans
1843 3073 1905 3117 vi.

472 3163 617 3208 Nunc
663 3172 819 3209 tamen
866 3166 986 3209 hanc
1032 3166 1372 3211 correctionem
1419 3175 1470 3212 ut
1523 3167 1662 3211 nimis
1723 3167 1949 3212 audacem
2010 3167 2179 3212 reicio:

471 3258 662 3303 Amor
690 3259 924 3304 teritur
954 3260 1270 3312 pulcherrime
1302 3260 1478 3306 dictum
1510 3276 1613 3306 esse
1644 3270 1690 3306 et
1720 3270 1825 3315 post
1852 3276 2018 3307 versus
2037 3261 2106 3307 15.
2126 3261 2181 3307 16

474 3352 589 3397 nihil
620 3353 746 3398 aliud
778 3355 1037 3407 exspectari
1068 3369 1206 3408 posse
1239 3355 1423 3408 cuique,
1456 3356 1535 3408 qui
1568 3356 1745 3409 singula
1767 3356 1912 3401 nostri
1930 3357 2019 3401 loci
2035 3357 2182 3402 verba

471 3462 632 3493 secum
675 3449 937 3503 perpendit,
969 3451 1328 3496 concedendum
1360 3460 1442 3497 est.
1475 3449 1694 3506 Sequitur
1725 3451 1874 3505 igitur,
1908 3460 1958 3497 ut
1991 3451 2179 3497 Heinsii
