2566 3886
1123 262 1389 307 -143—

859 463 1157 510 ELEGIAE
1188 463 1360 509 XXIII
1392 472 1438 509 et
1468 463 1657 509 XXIV.

466 592 521 637 In
560 593 646 637 hac
684 593 830 647 elegia
865 603 911 639 et
949 595 1163 647 sequenti
1200 594 1488 647 explicandis
1526 596 1725 640 multum
1764 595 2054 639 sudaverunt
2088 596 2178 640 viri

463 688 610 740 docti3
642 689 726 733 sed
758 704 885 734 nunc
914 705 1105 743 quoque
1137 705 1308 743 operae
1339 690 1542 743 pretium
1574 705 1677 735 esse
1694 690 1882 735 videtur
1898 691 2057 735 denuo
2074 706 2175 735 rem

464 792 675 836 tractare,
708 784 980 837 praesertim
1012 799 1120 829 cum
1154 784 1434 829 Rothsteinii
1450 784 1759 838 explicatione
1776 794 1969 838 magnae
1986 785 2177 830 difficul-

458 886 586 930 tates,
613 893 728 931 quas
769 888 816 923 et
846 879 921 924 alii
953 888 999 924 et
1032 879 1203 924 Plessis
1235 863 1442 937 (Etudes
1473 880 1695 932 critiques
1727 895 1808 925 sur
1839 877 2104 938 Properce)
2128 880 2176 924 in

458 973 666 1018 carmine
706 973 879 1018 XXIV
910 983 1233 1027 reppererunt,
1273 974 1467 1019 minime
1510 975 1787 1020 refutentur.
1833 973 1924 1020 Sed
1969 975 2175 1028 primum

464 1068 709 1113 videamus
740 1069 801 1113 de
832 1069 978 1122 elegia
1007 1069 1194 1114 XXIII.

382 1290 393 1301 .
456 1257 643 1303 Primus
681 1273 846 1303 versus
884 1259 944 1303 ab
984 1258 1300 1312 Hertzbergio
1354 1258 1592 1304 Muellero
1627 1259 1846 1304 Vahleno
1880 1260 2175 1305 Rothsteinio

456 1367 515 1396 ex
550 1353 819 1398 coniectura
849 1353 1073 1422 Italorum
1105 1354 1172 1398 sic
1203 1354 1393 1407 legitur:

458 1445 552 1492 Cui
595 1447 680 1492 tuit
723 1448 898 1493 indocti
930 1448 1147 1503 fugienda
1178 1449 1294 1493 haec
1335 1449 1500 1494 semita
1541 1450 1681 1502 vulgi.

453 1541 508 1587 In
546 1544 873 1597 manuscriptis
915 1543 955 1588 F
975 1543 1024 1589 N
1069 1559 1155 1597 pro
1194 1546 1344 1590 haec
1382 1545 1549 1598 legitur
1585 1554 1656 1597 et,
1704 1545 1814 1590 DV
1846 1554 1905 1590 et
1937 1546 2171 1591 omittunt.

453 1637 887 1684 Demonstrativum
920 1640 1071 1684 haec
1102 1640 1192 1684 hoc
1224 1640 1329 1685 loco
1360 1640 1582 1693 explicari
1614 1641 1791 1693 nequit,
1808 1649 1858 1685 ut
1874 1641 1979 1686 luce
1997 1642 2170 1686 clarius

455 1747 515 1778 ex
577 1733 856 1779 Rothsteinii
912 1735 1211 1780 annotatione
1283 1744 1497 1788 apparet:
1573 1735 1704 1787 „Der
1749 1734 1881 1789 weg,
1948 1737 2040 1780 den
2099 1736 2176 1781 die

461 1812 810 1882 Ungebildeten
878 1830 1044 1883 gehen,
1113 1830 1169 1875 ist
1236 1828 1328 1875 der'
1380 1831 1836 1884 zuniichstliegende,
1882 1831 2003 1876 allen
2050 1831 2175 1876 offen

459 1924 700 1975 stehende,
731 1924 848 1969 haec
880 1925 1088 1970 semita’'.

461 2017 763 2073 Hertzbergii
794 2020 1055 2073 explicatio,
1087 2035 1371 2074 quamquam
1392 2021 1559 2066 melior
1574 2030 1643 2066 est
1659 2037 1800 2075 quam
1820 2021 2175 2066 Rothsteiniana

453 2110 596 2170 (haec
629 2115 794 2159 semita
823 2130 945 2168 quae
976 2130 1102 2160 nunc
1135 2124 1242 2160 ante
1266 2116 1412 2169 pedes
1428 2113 1579 2174 lucet)
1595 2115 1911 2162 difficultatem
1929 2132 2025 2162 non
2042 2116 2173 2161 tollit.

454 2206 642 2253 Palmer
672 2218 730 2253 et
757 2209 985 2254 defendit:
1014 2219 1072 2255 et
1098 2225 1266 2255 verum
1283 2219 1371 2255 est:
1405 2211 1570 2256 etiam
1603 2212 1830 2264 semitam,
1847 2227 1941 2265 qua
1956 2212 2173 2256 utebatur

459 2303 638 2356 vulgus,
663 2303 934 2356 Propertius
971 2305 1084 2349 dicit
1120 2304 1207 2350 sibi
1244 2305 1513 2358 fugiendam
1551 2306 1706 2351 luisse.
1743 2306 1886 2358 Quod
1918 2307 2064 2351 fateor
2096 2322 2173 2352 me

455 2412 550 2442 non
585 2398 855 2452 intelligere.
891 2399 1140 2445 Housman
1171 2398 1315 2458 (JPh.
1347 2400 1483 2453 XXI,
1517 2417 1560 2453 p.
1596 2398 1707 2458 172)
1736 2416 1903 2446 verum
1935 2401 2172 2446 invenisse

458 2493 671 2539 videtur:

608 2588 702 2634 Cui
740 2589 959 2643 fugienda
995 2589 1081 2634 fuit
1113 2589 1287 2634 indocti
1319 2591 1484 2635 semita
1514 2591 1655 2644 vulgi.

459 2682 540 2728 Ad
577 2683 702 2728 fust
739 2684 1091 2730 defendendum
1123 2694 1251 2730 recte
1282 2685 1487 2730 confert:
1521 2686 1606 2731 IV.
1641 2685 1679 2730 1.
1716 2685 1767 2730 17

605 2779 721 2824 nulli
753 2795 866 2824 cura
896 2780 980 2824 tuit
1010 2789 1230 2825 externos
1260 2795 1488 2834 quaerere
1520 2781 1669 2826 divos.

459 2873 556 2919 Hic
592 2874 730 2927 igitur
759 2889 882 2919 unus
912 2890 972 2919 ex
1002 2874 1058 2919 iis
1088 2875 1202 2919 locis
1233 2883 1316 2926 est,
1349 2875 1520 2928 quibus
1552 2875 1740 2920 codices
1773 2875 1819 2919 D
1836 2875 1885 2919 V
1916 2875 1974 2919 ad
2007 2889 2169 2919 veram

457 2968 706 3013 lectionem
738 2969 1070 3014 inveniendam
1103 2969 1270 3014 melius
1302 2985 1443 3023 quam
1477 2969 1526 3015 N
1559 2970 1684 3015 viam
1717 2979 1988 3014 monstrant.

385 3189 396 3200 .
458 3156 588 3208 Quid
620 3156 930 3209 promissa
960 3157 1107 3202 verba
1138 3157 1242 3210 sint,
1274 3173 1370 3202 non
1402 3158 1464 3202 ita
1493 3157 1629 3202 facile
1660 3156 1787 3201 dictu
1810 3165 1893 3202 est.
1918 3155 2042 3200 Mihi
2060 3170 2168 3200 cum

458 3250 756 3296 Broukhusio
767 3251 990 3303 epistulae
1003 3260 1206 3303 mutuae,
1220 3267 1335 3305 quas
1348 3252 1464 3296 alter
1476 3251 1607 3296 alteri
1620 3251 1911 3304 promiserat,
1925 3249 2168 3303 significari

457 3345 691 3390 videntur.
733 3344 907 3399 Neque
950 3354 1106 3390 tamen
1150 3346 1484 3398 spernendum,
1526 3346 1653 3399 quod
1685 3345 1851 3399 legitur
1887 3345 1935 3389 in
1967 3344 2167 3389 Aldina:

458 3454 484 3484 c
498 3454 527 3484 o
540 3455 587 3484 m
602 3439 713 3485 mis
727 3455 748 3485 s
761 3455 789 3485 a
812 3473 823 3484 .
841 3473 852 3484 .
870 3473 881 3484 .
900 3474 910 3485 .
953 3456 984 3485 v
997 3456 1023 3486 e
1037 3456 1061 3484 r
1074 3441 1105 3484 b
1119 3456 1146 3485 a
1188 3441 1434 3494 pugillares
1476 3441 1600 3486 servi
1644 3441 1753 3485 fidei
1791 3440 1993 3485 creditos
2031 3437 2168 3497 (vide
