2566 3886
330 2185 401 2231 43.

335 2847 406 2893 45.

1129 245 1364 291 -15—

458 396 546 426 nec
576 395 671 426 non
704 380 752 425 hi
783 380 873 425 loci
905 379 1231 425 Ciceroniani:

459 475 563 521 Cat.
596 491 657 520 m.
693 475 761 520 14.
794 474 876 520 46:
909 475 1182 520 convivium
1213 475 1273 519 ad
1305 475 1498 519 multam
1530 483 1717 519 noctem
1759 475 2170 528 producimus

456 571 614 617 Somn.
647 570 719 616 Sc.
737 570 796 616 C.
830 570 908 616 10:
941 585 1207 616 sermonem
1240 570 1287 614 in
1304 571 1498 615 multam
1526 579 1712 616 noctem
1745 586 1775 624 p
1789 586 1813 615 r
1825 586 1854 616 o
1868 571 1898 615 d
1913 586 1944 616 u
1957 570 2014 615 xi
2027 586 2074 615 m
2089 586 2120 616 u
2134 586 2169 616 s.

460 761 635 807 Nullus
681 762 817 815 igitur
862 762 1031 805 horum
1079 761 1290 805 locorum
1339 775 1447 805 cum
1494 768 1655 806 nostro
1701 761 1961 814 comparari
1993 770 2170 815 potest3

459 857 578 901 duos
620 865 775 900 tamen
819 856 947 900 locos
993 855 1114 906 citat,
1157 869 1277 906 quos
1308 863 1394 908 ego
1425 870 1452 899 a
1483 855 1651 900 ceteris
1682 856 1945 909 segregavi:

456 950 627 996 Catull.
663 949 760 1002 109,
793 949 846 994 5:
879 958 929 994 ut
960 949 1095 994 liceat
1126 949 1261 994 nobis
1292 958 1387 994 tota
1418 948 1486 1002 p'r
1499 965 1528 994 o
1542 948 1619 1007 dju
1636 965 1662 995 c
1676 965 1703 995 e
1716 966 1740 995 r
1754 966 1781 996 e
1813 951 1908 996 vita

914 1053 1157 1090 aeternum
1204 1045 1295 1090 hoc
1341 1054 1527 1090 sanctae
1572 1045 1740 1091 foedus
1786 1047 2028 1100 amicitiae,

460 1142 542 1187 sed
589 1143 680 1186 hoc
716 1142 821 1186 loco
862 1140 1049 1186 codices
1092 1156 1123 1193 p
1137 1155 1201 1185 er
1215 1141 1245 1185 d
1260 1156 1291 1185 u
1306 1155 1372 1185 ce
1387 1156 1411 1185 ι·
1425 1156 1452 1186 e
1494 1142 1664 1195 legunt,
1697 1143 1825 1195 quod
1857 1151 1984 1188 recte
2016 1152 2173 1189 tuetur

460 1236 695 1282 Merillius
717 1236 765 1281 in
797 1251 880 1282 sua
910 1236 1115 1281 editione
1146 1233 1303 1294 (Ginn
1335 1237 1428 1281 and
1461 1234 1661 1294 Comp.)

459 1331 565 1376 Tib.
615 1331 655 1384 1,
701 1331 742 1375 4.
788 1331 815 1376 5
862 1332 1018 1376 nudus
1063 1340 1109 1376 et
1155 1331 1380 1377 hibernae
1426 1346 1458 1384 p
1471 1347 1495 1376 r
1507 1347 1536 1377 o
1550 1333 1581 1377 d
1596 1348 1627 1377 u
1641 1347 1667 1377 c
1681 1333 1695 1377 i
1709 1347 1731 1377 s
1761 1333 1932 1386 frigora
1963 1334 2173 1380 brumae.

464 1427 560 1472 Hic
577 1428 720 1479 locus,
739 1426 826 1471 nisi
851 1442 883 1479 p
896 1441 923 1471 e
937 1441 961 1471 r
973 1427 1004 1471 d
1019 1442 1049 1471 u
1062 1426 1152 1471 cis
1178 1435 1247 1472 est
1263 1427 1607 1481 corrigendum,
1623 1429 1752 1480 quod
1769 1428 1896 1474 malit
1913 1428 2174 1483 Frigellius,

457 1522 744 1567 demonstrat
757 1530 916 1566 nostro
930 1522 1034 1566 loco
1059 1537 1090 1575 p
1102 1537 1126 1566 r
1135 1537 1165 1566 o
1177 1523 1207 1566 d
1220 1538 1251 1567 u
1262 1537 1288 1566 c
1299 1537 1326 1567 e
1339 1538 1363 1566 r
1374 1537 1401 1567 e
1426 1522 1515 1576 legi
1536 1538 1567 1576 p
1579 1538 1608 1568 o
1620 1538 1641 1568 s
1654 1538 1675 1568 s
1687 1538 1728 1576 e,
1750 1525 1833 1569 sed
1847 1525 2173 1578 exemplorum

460 1617 595 1670 copia
625 1617 887 1662 examinata
917 1626 1109 1670 apparet
1124 1626 1252 1662 recte
1268 1617 1637 1671 Hertzbergium
1656 1619 1894 1664 statuisse:
1911 1621 2175 1673 producere

461 1720 648 1756 noctem
695 1712 822 1756 idem
866 1726 969 1756 esse
1016 1720 1157 1764 atque
1206 1712 1557 1765 longiorem
1605 1714 1880 1759 reddere
1927 1724 2174 1760 noctem

462 1816 540 1852 aut
571 1821 747 1851 usum
780 1807 989 1851 noctis
1021 1807 1352 1860 vigilando
1384 1808 1738 1854 extendere
1769 1810 1897 1862 quod
1920 1810 2172 1863 hicaptum

462 1916 651 1946 sensum
699 1916 794 1946 non
838 1901 1044 1954 praebet.
1092 1901 1131 1946 P
1145 1916 1172 1946 e
1187 1916 1211 1945 r
1223 1902 1254 1946 d
1270 1917 1301 1946 u
1315 1917 1341 1946 c
1354 1917 1381 1947 e
1396 1917 1420 1946 r
1435 1917 1462 1947 e
1499 1903 1562 1948 ad
1595 1904 1747 1949 finem
1780 1919 1939 1958 usque
1970 1906 2003 1950 i.
2036 1920 2080 1950 e.
2113 1905 2176 1951 ad

463 2011 612 2041 mane
625 1997 828 2051 vigilare
842 1997 918 2042 hic
932 1997 1121 2051 flagitari
1133 1998 1304 2043 docent
1317 1997 1482 2043 verba:
1505 1999 1678 2044 exactis
1745 1999 1977 2046 sideribus
1993 1998 2065 2058 (v.
2078 1998 2176 2059 38).

464 2186 639 2232 Iniuria
660 2185 934 2240 Solbiskyus
954 2185 995 2245 ¹)
1017 2185 1121 2245 (De
1143 2186 1310 2233 Codic.
1335 2187 1475 2241 Prop.
1498 2205 1542 2242 p.
1575 2187 1687 2247 184)
1717 2199 1744 2243 g
1757 2205 1781 2234 r
1794 2205 1821 2235 a
1834 2206 1865 2235 v
1880 2190 1894 2235 i
1907 2199 1925 2235 t
1938 2205 1965 2235 e
1978 2206 2016 2243 r,
2048 2191 2176 2244 quod

463 2290 532 2327 est
563 2281 610 2326 in
629 2281 740 2334 DV,
757 2282 1015 2328 defendere
1047 2291 1240 2328 conatus
1271 2291 1365 2327 est:
1398 2298 1506 2328 nam
1538 2284 1744 2337 primum
1776 2299 1872 2330 non
1894 2293 2021 2330 recte
2043 2294 2178 2339 negat

464 2376 479 2420 l
492 2391 519 2421 e
533 2391 564 2421 v
578 2376 592 2421 i
606 2385 624 2420 t
637 2392 664 2422 e
678 2392 702 2421 r
732 2376 990 2430 significare
1015 2391 1152 2430 posse
1184 2392 1205 2422 s
1219 2393 1250 2422 u
1264 2393 1295 2431 p
1309 2392 1340 2430 p
1354 2392 1378 2421 r
1391 2393 1418 2422 e
1432 2393 1453 2422 s
1467 2393 1488 2423 s
1502 2393 1529 2422 a
1559 2393 1591 2423 v
1607 2393 1636 2423 o
1650 2394 1676 2423 c
1689 2394 1716 2424 e
1747 2376 1869 2437 (vid.
1898 2379 2178 2425 Rothsteinii

464 2469 854 2529 annotationem),
871 2472 1044 2517 deinde
1075 2471 1402 2530 ἀπειροκάλως
1416 2482 1554 2526 poeta
1566 2474 1770 2527 puellam
1798 2489 1929 2520 suam
1957 2484 2008 2520 ut
2034 2491 2177 2521 anum

466 2565 626 2611 iratam
668 2575 696 2619 g
708 2581 733 2610 r
745 2581 772 2611 a
784 2581 816 2611 v
830 2566 844 2611 i
859 2575 876 2610 t
889 2582 916 2612 e
930 2582 954 2611 r
994 2576 1271 2619 querentem
1310 2567 1530 2613 finxisset.
1573 2568 1614 2613 L
1629 2583 1656 2613 e
1670 2584 1702 2613 v
1716 2569 1730 2613 i
1744 2578 1761 2613 t
1774 2584 1802 2614 e
1815 2585 1840 2614 r
1879 2578 2034 2615 autem
2067 2570 2179 2615 dicit

466 2659 634 2712 puella,
666 2669 717 2705 ut
747 2669 913 2713 poetae
945 2661 1315 2707 misericordiam
1347 2662 1531 2708 excitet.

467 2849 637 2894 ultim
649 2865 676 2894 a
701 2865 728 2894 c
739 2866 770 2895 u
781 2866 806 2894 r
816 2866 844 2895 a
869 2866 896 2896 a
909 2851 1176 2896 criticorum
1191 2851 1472 2896 coniecturis
1486 2852 1608 2897 bene
1622 2853 1830 2898 defendit
1844 2853 2177 2907 Rothsteinius,

467 2957 674 2995 quocum
705 2952 791 2997 ego
822 2959 1013 2997 quoque
1044 2954 1128 2990 sto.

388 3423 420 3469 ¹)
468 3428 513 3461 cf.
540 3427 699 3462 Heu-m.
723 3427 811 3463 JPh.
837 3428 942 3469 XXI,
967 3440 1001 3468 p.
1031 3428 1108 3463 182.
