2566 3886
1112 259 1347 305 -90-

437 404 613 434 more
661 389 782 441 NF;
829 404 1050 435 amore
1083 389 1204 434 DV'.

436 483 542 529 Viri
583 484 708 529 docti
739 485 829 529 hoc
861 485 965 529 loco
997 484 1289 537 dissentiunt,
1321 493 1478 530 utrum
1526 501 1573 531 m
1591 501 1703 532 ore
1749 487 2051 533 scribendum
2084 489 2154 541 sit,

435 595 494 624 an
541 595 631 625 am
649 595 774 625 ore.
823 579 1081 633 Postgatius
1130 580 1448 626 Phillimorius
1488 581 1796 627 Housmanus
1841 580 1972 640 (JPh
2018 583 2155 636 XXI,

436 691 480 728 p.
522 673 634 732 185)
680 691 727 720 m
745 691 856 721 ore
903 676 1250 728 commendant,
1297 676 1468 729 quibus
1515 676 1818 729 adstipulatus
1867 686 1936 723 est
1981 678 2054 723 vir
2099 680 2156 724 cl.

439 771 686 816 Hartman.
725 770 1014 823 Solbiskyus‚
1046 771 1127 824 qui
1159 771 1206 815 in
1239 771 1410 823 libello,
1443 771 1517 816 cui
1550 772 1708 817 titulus
1746 773 1811 817 de
1850 772 2156 819 Codicibus

440 866 884 920 Propertianis
937 867 1052 911 haec
1106 866 1312 919 scripsit:
1367 881 1587 920 „prorsus
1638 882 1733 912 non
1787 882 2023 921 assequor,
2062 884 2158 922 quo

437 960 631 1006 consilio
664 960 977 1006 Baehrensius
1009 976 1068 1006 ex
1092 961 1186 1006 NF
1235 977 1399 1007 more
1431 963 1704 1015 receperit”‚
1732 963 1944 1017 ignorare
1970 963 2159 1010 videtur

437 1057 562 1109 apud
594 1055 886 1108 Terentium,
918 1057 1047 1102 And.
1083 1057 1167 1102 152
1199 1058 1313 1111 legi:

557 1166 705 1204 prope
735 1153 879 1205 adest,
912 1167 1056 1206 quom
1103 1153 1161 1197 al
1178 1153 1192 1197 i
1210 1168 1236 1197 e
1253 1169 1283 1197 n
1301 1168 1330 1198 o
1377 1168 1423 1197 m
1441 1168 1470 1198 o
1487 1168 1510 1198 r
1526 1168 1553 1197 e
1599 1153 1903 1199 vivendumst
1925 1154 2053 1207 mihi,

439 1246 519 1291 ubi
537 1247 812 1292 adulescens
829 1248 1026 1301 loquens
1046 1247 1296 1300 inducitur,
1314 1249 1396 1302 qui
1427 1263 1538 1293 mox
1575 1264 1772 1294 uxorem
1811 1250 2037 1294 ducturus
2074 1258 2157 1295 est.

440 1341 689 1387 Praeterea
734 1358 761 1387 a
777 1358 823 1387 m
841 1358 870 1388 o
887 1358 911 1387 r
927 1358 954 1388 e
1000 1343 1047 1387 in
1080 1352 1291 1388 nostrum
1325 1358 1515 1388 versum
1548 1344 1683 1389 facile
1709 1359 1768 1389 ex
1805 1359 1873 1389 vs.
1897 1343 1926 1388 6
1948 1344 2157 1397 irrepere

441 1446 635 1490 poterat,
668 1446 718 1483 ut
749 1446 876 1483 recte
908 1438 1127 1483 observat
1159 1438 1467 1484 Housmanus
1498 1436 1613 1496 (1.1.)

442 1532 697 1584 Quomodo
729 1534 858 1585 prior
890 1548 996 1586 pars
1027 1533 1246 1578 carminis
1262 1531 1462 1591 (1—12)
1479 1549 1587 1578 cum
1605 1534 1819 1586 sequenti
1835 1534 2083 1579 cohaereat
2102 1531 2157 1591 1),

441 1628 618 1680 optime
663 1629 801 1673 docet
847 1629 921 1673 vir
968 1629 1133 1673 doctus
1182 1628 1247 1673 H.
1282 1628 1614 1673 Fleischmann
1647 1626 1835 1686 (Progr.
1867 1629 1962 1673 k.k.
1995 1628 2158 1674 Staats-

438 1723 730 1777 Obergymn.
779 1723 960 1775 Bielitz,
1012 1722 1242 1779 1894s95):
1282 1723 1469 1775 „Quam
1501 1732 1607 1776 apte
1639 1732 1777 1776 poeta
1807 1733 1974 1777 magno
2007 1725 2158 1769 dolori

441 1834 536 1872 quo
583 1819 831 1864 discidium
880 1819 990 1863 illud
1038 1827 1084 1863 et
1126 1819 1278 1872 ipsum
1311 1828 1357 1863 et
1389 1818 1645 1872 cynthiam
1677 1818 1952 1886 affecturum
1984 1818 2158 1872 fuisset,

442 1929 641 1967 parvum
674 1915 978 1959 commodum
1017 1914 1249 1967 opposuit,
1267 1915 1395 1968 quod
1412 1914 1479 1959 rei
1497 1914 1712 1967 publicae
1729 1915 1845 1959 haec
1862 1929 1937 1959 res
1954 1913 2156 1959 tulisset!

441 2010 496 2054 Id
528 2010 655 2054 enim
688 2010 912 2063 sequitur.
946 2009 1074 2054 Nam
1106 2010 1182 2054 lex
1213 2009 1291 2054 illa
1321 2009 1380 2054 ab
1411 2009 1627 2063 Augusto
1659 2017 1758 2054 erat
1773 2009 1875 2061 lata,
1893 2017 1944 2053 ut
1960 2009 2155 2054 iuvenes

443 2104 645 2149 Romani
692 2105 813 2150 iusto
861 2104 1159 2150 matrimonio
1202 2104 1342 2158 geniti
1374 2119 1562 2157 semper
1593 2113 1777 2157 praesto
1808 2113 1963 2150 essent
1994 2104 2075 2157 qui
2106 2105 2153 2149 in

443 2200 662 2252 periculis
693 2200 889 2252 patriam
922 2200 1245 2251 defenderent,
1269 2200 1626 2253 triumphosque
1643 2200 1815 2252 patrios
1832 2199 1883 2254 (i.
1901 2215 1941 2244 e.
1959 2199 2156 2256 patriae)

442 2304 677 2348 augerent.
730 2295 839 2346 Qua
885 2310 937 2339 re
983 2296 1042 2340 le
1058 2310 1083 2340 c
1100 2304 1118 2339 t
1134 2310 1163 2340 o
1179 2311 1203 2339 r
1220 2295 1234 2339 i
1252 2295 1282 2339 b
1300 2311 1330 2339 u
1348 2310 1369 2339 s
1417 2295 1460 2339 R
1478 2310 1507 2340 o
1524 2310 1570 2339 m
1588 2310 1616 2339 a
1631 2310 1662 2338 n
1683 2295 1697 2339 i
1715 2309 1735 2339 s
1783 2294 2022 2339 notissima
2053 2295 2154 2340 iure

442 2391 613 2436 omissa
643 2391 818 2443 optime
850 2399 989 2443 poeta
1019 2390 1187 2443 pergit:

561 2485 707 2530 Unde
738 2485 852 2530 mihi
884 2486 1042 2538 patriis
1073 2493 1234 2538 gnatos
1265 2484 1493 2537 praebere
1523 2483 1771 2536 triumphis
1793 2482 1848 2527 ?”

443 2581 570 2627 Cum
587 2590 743 2626 autem
761 2581 1046 2634 Postgatium
1076 2581 1213 2625 lateat
1235 2580 1475 2633 quomodo
1503 2586 1715 2623 nostrum
1733 2577 1964 2622 distichon
1979 2577 2155 2634 (13‚14)

441 2692 550 2722 cum
574 2676 878 2730 sequentibus
894 2677 1141 2721 cohaereat
1153 2684 1408 2720 —annotat
1424 2675 1550 2720 enim
1568 2674 1641 2719 vir
1657 2674 1938 2719 clarissimus
1955 2674 2003 2719 in
2019 2689 2155 2727 appa-

442 2780 544 2816 ratu
562 2771 723 2816 critico
740 2771 821 2825 qui
838 2771 1030 2815 dicitur:
1059 2769 1263 2822 „15—18
1280 2770 1356 2815 hic
1373 2770 1539 2822 alieni;
1572 2769 1686 2823 quid
1725 2769 1850 2814 enim
1883 2769 2156 2821 Propertius

442 2867 634 2912 miles
686 2868 744 2912 ad
801 2867 1097 2919 Propertium
1151 2865 1472 2919 patrem”?
1526 2890 1579 2896 —-
1630 2866 1871 2919 quomodo
1902 2866 2017 2910 haec
2049 2879 2156 2918 pars

442 2962 661 3007 carminis
709 2963 941 3013 decurrat,
974 2961 1134 3013 paucis
1166 2961 1385 3005 indicabo
1416 2960 1582 3013 partim
1618 2959 1966 3005 Fleischmanni
1996 2958 2155 3004 verbis

445 3073 585 3104 usus:
618 3066 794 3111 „egone
824 3056 947 3101 filios
979 3071 1223 3108 procreem
1257 3056 1336 3110 qui
1369 3056 1567 3100 militum
1606 3063 1871 3100 nostrorum
1904 3068 2154 3098 numerum

442 3152 673 3206 augeant?
704 3167 891 3204 semper
922 3151 1071 3196 amori
1103 3151 1288 3196 deditus
1321 3166 1463 3206 eram,
1482 3151 1691 3195 militiam
1709 3165 1804 3195 non
1821 3148 1998 3199 curavi,
2015 3162 2155 3192 nemo

442 3263 650 3302 unquam
682 3263 743 3292 ex
775 3255 932 3292 nostra
958 3255 1093 3300 gente
1111 3246 1244 3290 miles
1262 3254 1360 3290 erat
1379 3245 1431 3301 2),
1445 3261 1601 3298 neque
1619 3245 1733 3290 mihi
1751 3245 1887 3298 igitur
1902 3243 2153 3296 quicquam

358 3390 388 3435 ¹)
439 3394 650 3435 Postgatius
677 3394 714 3427 in
741 3393 905 3426 editione
935 3391 1024 3425 1894
1051 3392 1130 3424 sine
1157 3401 1268 3424 causa
1294 3390 1462 3424 lacunam
1490 3390 1618 3423 statuit
1646 3390 1740 3423 inter
1766 3400 1820 3422 vs.
1850 3387 1891 3421 12
1916 3394 1953 3421 ct
1982 3386 2035 3420 13.

358 3450 390 3495 ²)
440 3463 523 3486 cum
553 3452 778 3486 Baehrensio
817 3459 931 3486 erat
969 3451 1062 3492 lego.
