2566 3886
1113 258 1375 304 —319—

454 392 680 444 Paleyus:
713 406 850 443 „may
881 405 1002 443 your
1032 390 1177 435 shade
1208 398 1289 434 not
1305 397 1399 434 rest
1418 404 1480 434 on
1497 403 1619 441 your
1634 388 1828 441 grave”;
1847 387 2165 432 Phillimorius

452 485 752 545 (Propertius
784 486 1033 531 translated
1066 486 1129 537 by
1160 485 1247 529 Ph.
1280 500 1323 537 p.
1359 482 1495 541 154):
1528 499 1665 535 „may
1696 498 1817 535 your
1833 483 1963 537 spirit
1979 483 2076 528 find
2103 498 2165 528 no

454 592 548 628 rest
578 598 667 627 nor
697 597 840 635 peace
871 581 984 626 with
1015 596 1136 633 your
1166 581 1344 625 ashes”.

455 677 625 722 Manes
657 691 678 721 s
695 691 722 721 e
738 677 769 720 d
786 691 813 721 e
830 690 893 720 re
925 675 972 720 in
1005 676 1254 729 sepulchro
1286 689 1518 727 nusquam
1535 674 1756 727 legimus:
1778 674 1902 726 apud
1921 673 2165 719 Platonem

456 769 659 829 (Phaed.
691 786 735 824 p.
769 769 822 815 81
856 768 910 828 c)
940 770 1095 815 anima
1124 771 1232 827 περὶ
1273 771 1330 812 τὰ
1370 771 1584 826 μνήματά
1625 784 1673 813 τε
1714 771 1796 812 καὶ
1836 772 1946 820 τούς
1986 772 2169 826 τάφους

451 865 793 922 ‚anawanum
825 864 1117 910 describitur.

456 961 691 1014 Etmidem
737 975 832 1005 non
865 959 1042 1011 dubito,
1080 959 1194 1012 quin
1226 959 1374 1004 verba
1403 968 1622 1012 corrupta
1653 960 1770 1012 sint;
1802 959 1979 1005 bonum
2012 968 2167 1005 autem

454 1071 643 1102 sensum
676 1056 754 1100 dat
784 1055 873 1100 viri
905 1055 961 1099 cl.
995 1054 1244 1099 Hartmani
1277 1052 1616 1111 coniectura¹):

687 1165 775 1195 nec
807 1150 968 1195 sedem
1000 1149 1083 1193 tibi
1115 1149 1228 1194 dent
1260 1149 1446 1201 Manes,

456 1245 822 1291 Observandum
854 1253 938 1296 est,
968 1259 1109 1298 quam
1141 1252 1261 1296 apte,
1293 1244 1330 1288 si
1363 1244 1428 1288 sic
1459 1243 1764 1296 correximus,
1797 1252 2042 1298 sequatur:

1093 1347 1139 1383 et
1170 1338 1412 1384 Cerberus
1443 1340 1566 1384 ultor

456 1435 608 1487 turpia
638 1435 796 1480 ieiuno
827 1442 997 1478 terreat
1027 1447 1132 1478 ossa
1162 1448 1279 1478 sono

321 1589 364 1635 9.
425 1590 502 1635 illa
532 1589 658 1641 velit,
690 1589 859 1642 poterit
890 1596 1078 1641 magnes
1110 1602 1205 1632 non
1238 1588 1412 1633 ducere
1442 1589 1622 1634 ferrum

328 1934 397 1978 11.

455 1684 603 1737 Cave,
636 1699 696 1729 ne
727 1699 835 1729 cum
870 1683 1120 1728 Fonteinio
1151 1692 1197 1728 et
1226 1683 1458 1737 Postgatio
1474 1681 1548 1742 (in
1566 1684 1676 1729 edit.
1696 1682 1860 1742 1894):
1893 1699 1923 1737 p
1937 1693 1999 1729 ot
2016 1700 2043 1729 e
2059 1701 2083 1729 r
2098 1700 2125 1729 a
2138 1694 2169 1737 t,

455 1788 534 1825 aut
564 1794 672 1824 cum
706 1779 991 1824 Baehrensio
1022 1794 1053 1832 p
1070 1793 1099 1823 o
1115 1787 1132 1823 t
1148 1794 1179 1823 u
1195 1779 1244 1823 it
1274 1779 1462 1823 scribas.

459 1933 649 1987 Quippe
681 1942 740 1986 et,
773 1932 983 1978 Collinas
1014 1934 1073 1978 ad
1105 1933 1277 1978 fossam
1310 1933 1511 1978 moverit
1543 1933 1726 1985 herbas,

545 2028 710 2073 stantia
740 2029 946 2073 currenti
978 2028 1270 2074 diluerentur
1300 2043 1433 2082 aqua.

458 2124 614 2168 Locus
644 2122 845 2176 graviter
875 2131 1146 2176 corruptus:
1178 2123 1382 2176 primum
1415 2122 1619 2175 quippe
1650 2122 1726 2167 hic
1743 2139 1839 2168 non
1856 2132 2171 2176 exspectatur-3

457 2219 629 2263 deinde
642 2233 783 2263 nemo
797 2218 911 2263 mihi
923 2218 1222 2271 persuadebit
1240 2219 1305 2263 ad
1326 2219 1538 2270 fossam,
1559 2233 1667 2263 cum
1688 2219 1948 2263 movendi
1969 2219 2169 2264 verbum

459 2322 694 2367 sequatur,
741 2328 849 2358 cum
885 2313 1178 2358 Rothsteinio
1209 2329 1240 2366 p
1256 2329 1280 2358 r
1295 2328 1324 2358 o
1341 2328 1372 2365 p
1388 2328 1415 2357 e
1447 2314 1508 2358 fo
1526 2328 1547 2357 s
1564 2328 1585 2357 s
1602 2328 1629 2358 a
1646 2329 1693 2357 m
1725 2315 2008 2359 vertendum
2040 2329 2142 2360 esse
2158 2329 2169 2367 ;

457 2417 697 2460 praeterea
740 2423 836 2452 non
883 2408 1101 2461 intelligo,
1148 2408 1262 2461 quid
1309 2407 1534 2452 movendi
1580 2407 1780 2453 verbum
1825 2408 1901 2453 hic
1933 2409 2171 2462 significet,

460 2518 616 2556 neque
658 2503 784 2548 enim
830 2503 1081 2557 quicquam
1128 2504 1319 2556 prodest
1364 2519 1473 2548 cum
1507 2503 1802 2549 Rothsteinio
1846 2513 2031 2550 vertere
2064 2504 2171 2557 „die

459 2597 697 2643 Zauberin
745 2606 863 2642 setzt
905 2598 982 2642 die
1024 2598 1361 2643 Wirksamkeit
1407 2599 1494 2643 der
1541 2598 1740 2643 Kriiuter
1787 2599 1834 2643 in
1874 2599 2170 2652 Bewegung”

458 2707 614 2745 neque
645 2692 682 2736 si
713 2692 949 2737 credimus
966 2701 1150 2744 poetam
1174 2693 1249 2737 hic
1266 2693 1402 2738 nobis
1418 2708 1608 2738 narrare
1624 2709 1734 2739 saxa
1755 2693 1869 2739 dilui
1887 2708 1972 2746 per
1988 2692 2170 2744 herbas,

459 2794 663 2838 apparet,
713 2786 827 2838 quid
879 2787 940 2831 fo
957 2802 978 2831 s
995 2802 1016 2831 s
1032 2802 1059 2832 a
1110 2789 1200 2832 hoc
1246 2788 1351 2832 loco
1398 2787 1486 2832 sibi
1532 2788 1669 2840 velit;
1716 2797 2004 2842 postremum
2051 2796 2170 2841 nego

460 2888 515 2924 st
531 2895 604 2924 an
622 2880 712 2924 tia
742 2880 808 2925 sic
840 2881 967 2925 nude
993 2881 1198 2933 positum
1230 2897 1254 2926 r
1270 2898 1301 2926 u
1317 2897 1348 2934 p
1365 2897 1392 2927 e
1409 2897 1430 2926 s
1462 2881 1719 2935 significare
1750 2897 1900 2934 posse.
1933 2882 2063 2933 Quid
2094 2882 2171 2927 alii

459 2975 614 3027 legere
643 2974 803 3026 velint,
834 2975 958 3028 apud
991 2975 1327 3021 Baehrensium
1359 2977 1592 3029 reperias;
1625 2977 1739 3021 mihi
1752 2977 1949 3022 aliorum
1970 2976 2171 3021 inventis

462 3083 521 3113 ex
552 3077 682 3120 parte
713 3084 799 3114 uso
830 3070 1079 3123 legendum
1110 3070 1323 3116 videtur:

578 3164 692 3217 quin
724 3173 770 3209 et
801 3163 1010 3210 Collinas
1041 3166 1099 3210 ad
1130 3165 1302 3211 fossam
1334 3165 1535 3211 moverit
1566 3165 1770 3218 umbras,

653 3273 855 3312 saxaque
885 3260 1091 3304 currenti
1123 3260 1415 3305 diluerentur
1445 3276 1578 3314 aqua.

379 3386 408 3431 ¹)
459 3390 537 3423 Een
561 3402 608 3424 en
631 3393 745 3425 ander
771 3402 861 3426 over
889 3391 1102 3432 Propertius
1129 3403 1162 3432 p.
1190 3393 1244 3433 14,
1269 3393 1332 3426 ubi
1357 3394 1447 3427 haec
1472 3393 1619 3427 additur
1638 3393 1781 3427 versio:
1807 3399 1964 3434 „mugen
1977 3395 2022 3427 de
2036 3392 2169 3426 schim-

331 3460 416 3483 men
440 3460 463 3482 u
488 3461 557 3484 een
582 3451 698 3490 plant·
723 3450 762 3484 in
786 3451 874 3484 haar
901 3451 1051 3485 midden
1076 3451 1295 3493 weigeren’n
