2566 3886
1112 264 1378 310 -156—

451 394 629 439 invidia
659 394 850 446 laborat,
882 394 974 439 cito
1006 394 1162 439 interit
1190 394 1218 439 i.
1235 409 1276 439 e.
1306 394 1345 439 si
1373 395 1478 448 quis
1499 396 1668 441 totiens
1684 397 2001 449 pulcherrima
2016 399 2172 452 puella

451 489 631 541 fruitur,
664 489 870 534 invidiae
901 498 984 542 est,
1017 498 1062 534 et
1094 504 1204 534 mox
1236 489 1375 535 ianua
1405 490 1448 535 ei
1480 491 1636 536 clausa
1666 491 1767 536 erit.
1800 492 1928 538 Raro
1947 491 1988 550 ¹)
2035 494 2172 548 igitur

451 592 497 627 te
537 584 597 628 ad
640 583 844 637 puellam
889 584 1066 636 confer,
1111 600 1171 630 ne
1215 585 1297 630 tibi
1342 585 1558 631 homines
1602 586 1858 639 invideant,
1890 596 1937 632 et
1968 603 2079 634 mox
2110 590 2170 634 de

451 688 531 724 tua
561 679 748 724 fortuna
779 687 934 724 actum
964 679 1034 725 sit.
1068 680 1188 731 Qui
1220 681 1410 734 pleno
1442 681 1636 726 fastus
1666 682 1935 727 assumis
1966 697 2172 729 amore

453 775 629 827 optime
673 774 893 819 vertitur:
933 775 1043 829 „qui
1075 791 1215 828 nunc,
1248 791 1356 821 cum
1389 776 1544 828 puella
1574 776 1657 821 tibi
1689 776 1834 822 facilis
1864 777 1936 830 sit,
1967 778 2170 832 superbe

452 878 532 915 tua
563 869 750 915 fortuna
779 870 1032 923 gloriaris”.

319 1059 390 1105 35.
451 1069 496 1105 at
527 1060 565 1105 si
597 1061 748 1105 saecla
777 1060 934 1106 forent
963 1061 1164 1114 antiquis
1195 1059 1247 1114 -l-
1278 1070 1404 1116 grata
1434 1062 1615 1115 puellis,

604 1171 756 1201 essem
789 1165 875 1210 ego
906 1157 1035 1209 quod
1068 1172 1195 1202 nunc
1226 1166 1291 1202 tu.

453 1251 528 1297 Sic
571 1252 718 1297 edunt
763 1251 1000 1297 Lucianus
1039 1252 1248 1298 Mueller
1278 1261 1325 1297 et
1355 1253 1626 1306 Vahlenus3
1659 1269 1815 1308 neque
1847 1254 2030 1307 iniuria,
2062 1270 2170 1300 nam

455 1362 596 1392 nemo
647 1362 707 1392 ex
738 1347 810 1392 his
842 1347 1084 1393 vocabulis
1115 1348 1262 1392 ullum
1310 1363 1500 1394 sensum
1547 1357 1768 1394 excutere
1814 1357 1979 1403 potest.
2026 1350 2172 1402 Paley

454 1443 722 1488 dubitanter
752 1443 914 1488 vertit:
948 1443 1061 1495 „but
1091 1443 1125 1488 if
1153 1444 1233 1489 the
1263 1444 1400 1489 times
1441 1459 1559 1489 now
1590 1460 1743 1496 were,
1772 1445 1940 1490 which
1958 1445 2044 1490 the
2057 1444 2172 1499 ssirls

454 1539 509 1583 of
539 1539 626 1583 the
657 1539 810 1583 olden
843 1540 966 1584 time
997 1554 1051 1584 so
1084 1539 1237 1584 much
1269 1539 1406 1584 liked
1438 1537 1494 1597 (i.
1512 1555 1552 1584 e.
1580 1540 1660 1585 the
1688 1539 1824 1585 times
1851 1541 1992 1586 when
2015 1541 2172 1586 lovers

453 1648 582 1678 were
622 1642 849 1686 constant,
891 1634 984 1678 and
1016 1634 1097 1679 did
1130 1642 1211 1679 not
1242 1642 1359 1679 trust
1390 1642 1437 1679 to
1469 1632 1666 1692 bribes),
1699 1635 1720 1679 I
1753 1635 1921 1681 should
1954 1635 2014 1680 be
2046 1635 2173 1680 what

450 1743 545 1781 you
577 1744 687 1774 now
712 1744 792 1774 are
823 1726 942 1787 (viz.
975 1729 1022 1774 in
1054 1729 1223 1774 favour
1253 1729 1366 1774 with
1399 1727 1675 1788 Cynthia)”.
1694 1730 1830 1782 Quae
1847 1730 2172 1784 grandioribus

452 1825 615 1870 litteris
658 1825 972 1879 imprimenda
1014 1825 1189 1877 curavi,
1234 1840 1293 1870 ex
1337 1825 1495 1871 verbis
1543 1826 1720 1871 Latinis
1768 1826 1874 1887 elici
1916 1835 2171 1880 nequeunt,
2217 1829 2220 1832 ’

453 1921 581 1975 quod
612 1920 812 1975 quisque
843 1921 957 1966 mihi
989 1921 1278 1966 assentietur.

453 2015 827 2061 Sandstroemius
873 2014 1148 2074 (Emendat.
1196 2018 1244 2063 in
1291 2017 1433 2072 Prop.
1481 2018 1660 2063 Lucan.
1707 2017 1827 2071 Ups.
1879 2016 1993 2063 1878
2039 2033 2085 2072 p.
2117 2016 2172 2076 7)

454 2112 747 2166 proponebat
802 2121 972 2158 casta
1018 2128 1105 2166 pro
1150 2122 1324 2167 grata
1370 2113 1499 2167 quod
1546 2128 1737 2158 versum
1785 2128 1880 2159 non
1927 2113 2171 2159 meliorem

454 2208 621 2253 reddit.
669 2207 762 2253 Sed
794 2224 880 2253 cur
910 2209 1146 2261 spernitur
1178 2209 1446 2254 emendatio
1463 2207 1507 2267 ε’3)
1524 2209 1716 2254 Dousae
1732 2208 1839 2254 filii:
1872 2217 1918 2254 at
1948 2208 1987 2253 si
2019 2208 2172 2253 saecla

454 2305 606 2349 forent
636 2305 894 2358 antiqua
925 2305 1018 2350 his
1050 2313 1176 2359 grata
1206 2304 1414 2358 puellis?

454 2399 636 2445 Vitium
668 2409 823 2445 ortum
855 2408 938 2453 est,
970 2416 1078 2446 cum
1110 2400 1326 2445 librarius
1357 2399 1546 2445 librario
1579 2399 1786 2445 dictaret.

321 2589 392 2635 40.
453 2599 498 2635 at
529 2605 629 2642 vos,
661 2590 741 2644 qui
774 2590 923 2635 officia
954 2591 1002 2635 in
1034 2591 1204 2636 multos
1235 2591 1466 2636 revocatis
1498 2605 1695 2643 amores,

605 2695 831 2740 quantum
864 2687 929 2731 sic
960 2687 1137 2731 cruciat
1166 2686 1344 2732 lumina
1390 2694 1604 2731 nostra
1645 2684 1805 2731 dolor!

454 2780 529 2826 Sic
560 2781 755 2835 legimus
786 2782 834 2826 in
866 2781 1084 2827 omnibus
1116 2781 1442 2834 manuscriptis
1473 2789 1799 2834 praeterquam
1831 2780 1879 2825 in
1912 2779 2022 2833 DV,
2049 2795 2171 2834 quae

370 2888 400 2935 ¹)
450 2891 510 2926 Sic
537 2891 766 2926 Passeratius
792 2892 971 2932 probante
999 2891 1208 2932 Risbergio.

366 2959 399 3006 ²)
449 2962 508 2997 Sic
522 2974 667 3004 quoque
682 2962 866 2997 Hartman
879 2963 1001 2996 locum
1016 2962 1200 3004 intelligit,
1221 2962 1282 3003 qui
1298 2962 1436 2996 Batave
1461 2961 1594 2996 vertit:
1627 2962 1686 2995 ho
1700 2971 1720 2994 e
1752 2972 1812 2995 va
1826 2971 1847 2994 a
1861 2961 1887 2994 k
1921 2960 1979 3001 zii
2015 2971 2039 2994 u
2070 2971 2131 2994 oo
2145 2961 2170 2994 k

320 3035 648 3076 uitnoodigt‚
687 3040 742 3076 ga
780 3035 988 3068 slechts
1026 3044 1118 3067 een
1156 3034 1348 3067 enkele
1387 3033 1529 3067 maal-

369 3103 397 3149 ⁸)
449 3106 560 3146 Quod
588 3106 760 3148 Postgate
786 3107 823 3140 in
849 3106 1012 3141 editione
1038 3106 1123 3139 anni
1152 3105 1242 3139 1894
1267 3105 1304 3139 in
1330 3112 1434 3139 textu
1461 3105 1564 3145 ponit
1590 3101 1653 3148 (ex
1678 3105 1807 3139 codice
1835 3098 2073 3146 Passeratii)=

606 3180 702 3219 quod
730 3178 761 3212 si
787 3178 909 3211 saecla
934 3177 1057 3211 forent
1083 3177 1196 3218 gratis
1223 3176 1372 3217 antiqua
1399 3176 1530 3216 puellis

321 3250 468 3289 probari
505 3260 579 3283 non
619 3256 752 3290 potest,
791 3249 862 3282 nisi
900 3249 1012 3282 etiam
1051 3248 1224 3290 gratis
1262 3255 1439 3288 mutatur,
1488 3258 1520 3281 e.
1546 3254 1578 3290 g.
1617 3247 1654 3281 in
1692 3258 1711 3281 c
1726 3258 1777 3281 as
1792 3247 1875 3287 tis,
1915 3247 2011 3288 quod
2052 3252 2168 3280 totam

321 3321 573 3355 coniecturam
601 3321 721 3354 minus
745 3321 986 3355 verisimilem
1014 3320 1147 3354 reddit.
1172 3319 1212 3354 In
1239 3319 1418 3361 Postgatii
1446 3320 1659 3353 coniectura
1685 3325 1706 3360 g
1719 3330 1736 3352 r
1750 3330 1771 3352 a
1785 3325 1799 3352 t
1813 3318 1825 3352 i
1839 3330 1855 3352 s
1876 3342 1885 3352 .
1899 3342 1908 3352 .
1922 3341 1931 3351 .
1970 3329 1992 3357 p
2004 3328 2028 3351 u
2041 3317 2087 3351 el
2101 3317 2113 3350 l
2127 3317 2140 3351 i
2154 3328 2172 3350 a

322 3393 424 3426 illum
450 3392 652 3426 ablativum
678 3403 772 3432 esse,
798 3402 906 3432 quem
932 3388 1151 3431 Propertius
1177 3398 1370 3430 tantopere
1397 3391 1435 3424 in
1459 3390 1604 3424 deliciis
1629 3390 1739 3424 habet
1766 3385 1829 3432 (Ξ
1844 3399 1890 3423 eo
1905 3396 2071 3430 tempore
2085 3398 2169 3423 cum

322 3464 464 3505 puellae
491 3469 614 3506 gratae
640 3459 775 3506 erant),
801 3464 863 3497 vix
891 3470 948 3497 est
973 3464 1069 3506 quod
1098 3474 1280 3498 moneam.
