2566 3886
288 981 357 1026 17.

289 2219 360 2265 21.

1087 277 1323 323 —99.„

417 410 647 457 Correcto
690 410 922 456 vocabulo
963 409 1020 455 vi
1033 425 1057 455 r
1070 424 1100 454 o
1140 410 1267 463 quod
1314 408 1632 454 Phillimorius
1675 408 1844 453 iniuria
1885 417 2053 460 servat,
2085 408 2133 452 in

416 515 434 550 t
446 520 476 550 o
486 521 511 550 r
521 521 564 558 ο,
585 505 619 562 1)
666 520 787 559 quae
831 514 902 550 est
947 505 1170 549 Italorum
1201 504 1353 556 lectio,
1385 504 1543 549 omnia
1586 504 1707 548 bene
1750 504 2037 557 procedunt:
2069 503 2134 547 sic

417 601 543 646 enim
590 600 993 653 interpretandum
1037 608 1132 644 est:
1191 614 1324 644 cum
1382 598 1520 651 tibi,
1576 598 1885 651 Achilles,
1933 614 2135 652 neque

419 695 646 741 Peleus
706 696 924 740 aderat
984 709 1186 748 neque
1248 693 1474 739 Thetis
1539 709 1742 747 neque
1805 694 2136 738 Deidamia

418 790 749 836 assidebat
794 790 988 835 viduo
1034 798 1135 835 tuo
1181 798 1332 834 toro,

418 990 529 1026 tunc
559 981 696 1035 igitur
725 980 839 1026 viris
869 979 1098 1034 gaudebat
1129 979 1332 1025 Graecia
1364 979 1482 1024 natis

419 1076 591 1121 viris
638 1075 733 1121 NF
751 1090 763 1128 ;
811 1075 1020 1120 castis
1067 1075 1178 1128 DV,
1210 1076 1338 1129 quod
1372 1075 1686 1120 Baehrensius
1717 1074 1909 1128 recepit.

420 1171 519 1216 Iam
580 1171 876 1216 Burmannus
934 1170 1160 1215 intellexit
1217 1185 1286 1215 ca
1303 1171 1427 1215 stis
1489 1170 1858 1223 interpolationis
1911 1169 2137 1214 indicium

419 1282 531 1320 prae
562 1282 613 1312 se
644 1267 781 1318 ferre,
813 1266 888 1311 cui
918 1266 1131 1320 plerique
1163 1266 1252 1310 viri
1285 1266 1410 1310 docti
1442 1265 1705 1318 adstipulati
1736 1274 1858 1309 sunt.

417 1361 567 1407 Totus
597 1377 764 1407 versus
794 1361 1014 1407 facillime
1046 1362 1339 1413 emendatur,
1371 1361 1409 1406 si
1441 1376 1549 1407 cum
1583 1361 1708 1406 Italis
1739 1361 1960 1414 legimus:

536 1466 647 1502 tunc
677 1457 814 1510 igitur
844 1457 969 1502 veris
987 1455 1023 1513 ⁹)
1056 1456 1286 1511 gaudebat
1317 1455 1519 1502 Graecia
1550 1456 1682 1508 natis,

418 1553 545 1606 quod
578 1552 896 1598 Phillimorius
927 1561 1055 1597 recte
1086 1552 1251 1597 vertit:
1284 1551 1471 1604 „Those
1503 1567 1632 1596 were
1660 1552 1775 1604 days
1791 1551 1933 1596 when
1950 1550 2138 1596 Greece

418 1647 624 1701 reioiced
656 1648 704 1694 in
735 1650 1051 1694 true-hearted
1083 1649 1375 1702 daughters.”
1407 1648 1654 1693 Vahlenus
1685 1656 1731 1692 et
1764 1646 2021 1700 Postgatius
2053 1661 2140 1699 pro

421 1743 597 1788 natis
644 1743 915 1789 Baehrensii
961 1744 1279 1789 coniecturam
1326 1759 1356 1788 n
1375 1743 1556 1797 uptis
1603 1743 1650 1787 in
1689 1751 1818 1787 textu
1857 1751 2139 1794 posuerunt;

420 1854 560 1892 quam
625 1838 915 1885 Hartmanus
976 1839 1079 1884 iure
1137 1854 1223 1884 suo
1274 1848 1466 1892 propter
1519 1837 1796 1883 Deidamiae
1850 1837 2137 1882 mentionem

421 1934 777 1987 improbandam
822 1950 924 1980 esse
965 1935 1197 1980 observat.
1240 1934 1415 1988 Neque
1461 1943 1547 1987 ego
1588 1933 1755 1985 habeo,
1787 1934 1915 1987 quod
1962 1949 1993 1978 n
2010 1933 2139 1978 atis

421 2029 494 2086 (ε
523 2029 724 2085 filiabus)
755 2029 831 2075 hic
862 2030 1080 2075 vitiosum
1111 2030 1295 2075 ducam.

421 2221 534 2274 quin
566 2220 704 2266 etiam
737 2222 883 2266 multo
915 2220 1113 2266 duxistis
1145 2221 1313 2274 pocula
1344 2220 1440 2265 risu

422 2315 682 2361 duxisti
730 2315 803 2368 O;
851 2315 1146 2360 duxistis
1193 2315 1243 2360 N
1293 2315 1385 2371 (i.e.
1418 2324 1467 2360 tu
1499 2324 1545 2360 et
1576 2324 1754 2360 amator
1784 2314 1911 2370 tuus)

424 2411 522 2456 Etsi
548 2419 799 2464 utrumque
823 2410 1011 2455 defendi
1035 2419 1200 2463 potest,
1223 2410 1496 2464 exquisitior
1518 2411 1655 2455 lectio
1678 2426 1792 2455 vera
1811 2410 2027 2455 habenda
2044 2419 2139 2454 est:

422 2515 584 2552 contra
615 2505 966 2558 Baehrensium,
998 2506 1078 2559 qui
1120 2507 1151 2550 d
1169 2522 1200 2551 u
1217 2506 1277 2550 xi
1298 2521 1319 2550 s
1336 2506 1382 2550 ti
1427 2506 1548 2559 legit,
1580 2507 1610 2550 d
1628 2522 1658 2551 u
1675 2506 1772 2551 xis
1789 2506 1875 2551 tis
1919 2506 2138 2551 defendo.

424 2601 569 2646 Nunc
601 2615 750 2653 pauca
781 2601 1012 2654 quaedam
1045 2602 1105 2645 de
1137 2601 1328 2645 lacunis.

421 2696 615 2741 Utinam
647 2695 736 2740 viri
768 2695 907 2748 docti,
939 2704 1188 2749 antequam
1220 2695 1451 2740 Veterum
1477 2696 1685 2741 carmina
1703 2697 1846 2741 edere
1862 2696 2137 2748 inciperent,

423 2791 482 2836 ab
504 2790 744 2836 hodiernis
767 2791 916 2844 poetis
935 2790 1183 2842 discerent,
1200 2790 1314 2844 quid
1333 2790 1390 2834 sit
1405 2790 1564 2844 elegia,
1582 2791 1695 2844 quid
1713 2806 1903 2836 carmen
1922 2792 2135 2844 lyricum,

425 2894 713 2940 quantopere
751 2886 799 2930 in
837 2901 933 2931 uno
969 2895 1108 2939 atque
1143 2886 1312 2930 eodem
1345 2885 1553 2930 carmine
1584 2886 1727 2930 animi
1759 2886 1943 2931 habitus
1974 2887 2136 2931 variet.

423 2980 566 3031 Quod
598 2980 636 3024 si
666 2980 900 3032 fecissent,
932 2989 1092 3033 poetas
1123 2989 1308 3024 veteres
1339 2995 1435 3024 non
1466 2980 1526 3024 ad
1558 2995 1772 3025 normam
1805 2980 1914 3025 artis
1946 2980 2136 3033 logicae,

424 3083 660 3129 tamquam
707 3074 744 3119 si
791 3075 846 3119 iis
889 3089 964 3119 res
1008 3083 1129 3119 esset
1171 3090 1279 3119 cum
1326 3075 1616 3128 philosophis
1662 3076 1739 3120 vel
1784 3075 2136 3126 mathematicis,

425 3170 750 3215 correxissent.

344 3312 374 3359 ²)
422 3316 567 3350 Vitium
594 3314 708 3348 redit:
736 3308 806 3354 ΙΙΙ,
831 3313 865 3353 6,
891 3312 948 3347 30.

340 3383 371 3428 ²)
423 3385 663 3419 Germanice:
688 3386 802 3418 icht.
829 3383 945 3418 Recte
970 3382 1189 3424 Solbinkyu·
1215 3380 1286 3426 (De
1314 3382 1446 3418 Codic.
1474 3383 1581 3424 Prop.
1609 3395 1642 3424 p.
1672 3382 1753 3425 150)
1776 3384 1838 3425 „in
1851 3385 1922 3418 hoc
1938 3384 2123 3418 adiectivo

296 3458 426 3498 inquit,
451 3457 557 3491 notio
582 3455 765 3489 entitatic
791 3465 854 3494 per
877 3465 916 3488 se
942 3454 1021 3494 ipen
1045 3454 1178 3488 inest’n
