<?xml version="1.0" encoding="UTF-8"?>
<!DOCTYPE html PUBLIC "-//W3C//DTD XHTML 1.0 Transitional//EN"
    "http://www.w3.org/TR/xhtml1/DTD/xhtml1-transitional.dtd">
<html xmlns="http://www.w3.org/1999/xhtml" xml:lang="en" lang="en">
 <head>
  <title>
</title>
<meta http-equiv="Content-Type" content="text/html;charset=utf-8" />
  <meta name='ocr-system' content='tesseract 3.04.00' />
  <meta name='ocr-capabilities' content='ocr_page ocr_carea ocr_par ocr_line ocrx_word'/>
</head>
<body>
  <div class='ocr_page' id='page_1' title='image "./adpropertiicarmi00enkpuoft_0081.png"; bbox 0 0 2566 3886; ppageno 0'>
   <div class='ocr_carea' id='block_1_1' title="bbox 346 414 414 460">
    <p class='ocr_par' dir='ltr' id='par_1_1' title="bbox 346 414 414 460">
     <span class='ocr_line' id='line_1_1' title="bbox 346 414 414 460; baseline -0.029 0"><span class='ocrx_word' id='word_1_1' title='bbox 346 414 414 460; x_wconf 90' lang='lat'>12.</span> 
     </span>
    </p>
   </div>
   <div class='ocr_carea' id='block_1_2' title="bbox 1152 280 1388 326">
    <p class='ocr_par' dir='ltr' id='par_1_2' title="bbox 1152 280 1388 326">
     <span class='ocr_line' id='line_1_2' title="bbox 1152 280 1388 326; baseline 0 -14"><span class='ocrx_word' id='word_1_2' title='bbox 1152 280 1388 326; x_wconf 74' lang='lat'><strong>-65—</strong></span> 
     </span>
    </p>
   </div>
   <div class='ocr_carea' id='block_1_3' title="bbox 474 409 2193 2086">
    <p class='ocr_par' dir='ltr' id='par_1_3' title="bbox 474 409 2193 945">
     <span class='ocr_line' id='line_1_3' title="bbox 475 409 2190 471; baseline -0.002 -12"><span class='ocrx_word' id='word_1_3' title='bbox 475 413 764 466; x_wconf 89' lang='lat' dir='ltr'>Quidversu</span> <span class='ocrx_word' id='word_1_4' title='bbox 783 412 941 467; x_wconf 74' lang='lat' dir='ltr'>IZpro</span> <span class='ocrx_word' id='word_1_5' title='bbox 974 413 1256 458; x_wconf 81' lang='lat' dir='ltr'><strong>adriacis</strong></span> <span class='ocrx_word' id='word_1_6' title='bbox 1286 409 1388 471; x_wconf 92' lang='lat' dir='ltr'>(O)</span> <span class='ocrx_word' id='word_1_7' title='bbox 1420 421 1466 457; x_wconf 93' lang='lat' dir='ltr'>et</span> <span class='ocrx_word' id='word_1_8' title='bbox 1496 427 1638 457; x_wconf 89' lang='lat' dir='ltr'>versu</span> <span class='ocrx_word' id='word_1_9' title='bbox 1670 411 1727 457; x_wconf 83' lang='lat'>32</span> <span class='ocrx_word' id='word_1_10' title='bbox 1758 427 1846 466; x_wconf 88' lang='lat' dir='ltr'>pro</span> <span class='ocrx_word' id='word_1_11' title='bbox 1877 411 2190 457; x_wconf 87' lang='lat' dir='ltr'>amadrias</span> 
     </span>
     <span class='ocr_line' id='line_1_4' title="bbox 474 506 1745 566; baseline -0.002 -12"><span class='ocrx_word' id='word_1_12' title='bbox 474 509 535 554; x_wconf 88' lang='lat' dir='ltr'>hi</span> <span class='ocrx_word' id='word_1_13' title='bbox 552 524 623 554; x_wconf 92' lang='lat' dir='ltr'>nc</span> <span class='ocrx_word' id='word_1_14' title='bbox 655 506 756 566; x_wconf 94' lang='grc' dir='ltr'>(Ο)</span> <span class='ocrx_word' id='word_1_15' title='bbox 788 509 1039 562; x_wconf 77' lang='lat' dir='ltr'>legendum</span> <span class='ocrx_word' id='word_1_16' title='bbox 1072 509 1143 561; x_wconf 92' lang='lat' dir='ltr'>sit,</span> <span class='ocrx_word' id='word_1_17' title='bbox 1174 509 1264 553; x_wconf 86' lang='lat' dir='ltr'>viri</span> <span class='ocrx_word' id='word_1_18' title='bbox 1296 508 1422 553; x_wconf 89' lang='lat' dir='ltr'>docti</span> <span class='ocrx_word' id='word_1_19' title='bbox 1454 508 1745 553; x_wconf 91' lang='lat' dir='ltr'>dissentiunt.</span> 
     </span>
     <span class='ocr_line' id='line_1_5' title="bbox 477 602 2192 657; baseline -0.001 -9"><span class='ocrx_word' id='word_1_20' title='bbox 477 604 636 649; x_wconf 89' lang='lat' dir='ltr'>Versu</span> <span class='ocrx_word' id='word_1_21' title='bbox 685 603 740 647; x_wconf 87' lang='lat'>12</span> <span class='ocrx_word' id='word_1_22' title='bbox 788 603 1100 648; x_wconf 90' lang='lat' dir='ltr'>Baehrensius</span> <span class='ocrx_word' id='word_1_23' title='bbox 1134 603 1500 656; x_wconf 89' lang='lat' dir='ltr'>Hydriasin‚</span> <span class='ocrx_word' id='word_1_24' title='bbox 1534 603 1792 657; x_wconf 80' lang='lat' dir='ltr'>Postgatius</span> <span class='ocrx_word' id='word_1_25' title='bbox 1826 602 2192 655; x_wconf 89' lang='lat' dir='ltr'>Hydriadas</span> 
     </span>
     <span class='ocr_line' id='line_1_6' title="bbox 475 695 2189 757; baseline -0.001 -13"><span class='ocrx_word' id='word_1_26' title='bbox 475 700 646 753; x_wconf 76' lang='lat' dir='ltr'>legunt,</span> <span class='ocrx_word' id='word_1_27' title='bbox 678 714 820 744; x_wconf 88' lang='lat' dir='ltr'>versu</span> <span class='ocrx_word' id='word_1_28' title='bbox 852 698 909 743; x_wconf 90' lang='lat'>32</span> <span class='ocrx_word' id='word_1_29' title='bbox 941 699 1005 743; x_wconf 91' lang='lat' dir='ltr'>illi</span> <span class='ocrx_word' id='word_1_30' title='bbox 1040 696 1545 757; x_wconf 90' lang='lat' dir='ltr'>En(h)ydriasin,</span> <span class='ocrx_word' id='word_1_31' title='bbox 1578 699 1815 743; x_wconf 88' lang='lat' dir='ltr'>Powelius</span> <span class='ocrx_word' id='word_1_32' title='bbox 1861 695 1994 756; x_wconf 90' lang='lat' dir='ltr'><strong>(CR.</strong></span> <span class='ocrx_word' id='word_1_33' title='bbox 2026 697 2189 749; x_wconf 89' lang='lat' dir='ltr'>XXII,</span> 
     </span>
     <span class='ocr_line' id='line_1_7' title="bbox 475 790 2193 851; baseline -0.001 -13"><span class='ocrx_word' id='word_1_34' title='bbox 475 810 520 848; x_wconf 87' lang='lat' dir='ltr'>p.</span> <span class='ocrx_word' id='word_1_35' title='bbox 556 791 667 851; x_wconf 88' lang='lat'>123)</span> <span class='ocrx_word' id='word_1_36' title='bbox 715 794 1152 847; x_wconf 87' lang='lat' dir='ltr'>Ephydriasin</span> <span class='ocrx_word' id='word_1_37' title='bbox 1185 794 1352 838; x_wconf 91' lang='lat' dir='ltr'>collato</span> <span class='ocrx_word' id='word_1_38' title='bbox 1384 794 1646 838; x_wconf 84' lang='lat' dir='ltr'><strong>Alexandri</strong></span> <span class='ocrx_word' id='word_1_39' title='bbox 1678 793 1838 838; x_wconf 87' lang='lat' dir='ltr'>Aetoli</span> <span class='ocrx_word' id='word_1_40' title='bbox 1870 808 2011 837; x_wconf 85' lang='lat' dir='ltr'>versu</span> <span class='ocrx_word' id='word_1_41' title='bbox 2044 790 2193 850; x_wconf 90' lang='lat' dir='ltr'>(Mei-</span> 
     </span>
     <span class='ocr_line' id='line_1_8' title="bbox 477 885 1480 945; baseline -0.002 -11"><span class='ocrx_word' id='word_1_42' title='bbox 477 890 615 940; x_wconf 88' lang='lat' dir='ltr'>neke,</span> <span class='ocrx_word' id='word_1_43' title='bbox 646 888 876 933; x_wconf 83' lang='lat' dir='ltr'><strong>Analecta</strong></span> <span class='ocrx_word' id='word_1_44' title='bbox 906 888 1232 933; x_wconf 87' lang='lat' dir='ltr'>Alexandrina</span> <span class='ocrx_word' id='word_1_45' title='bbox 1263 903 1307 940; x_wconf 87' lang='lat' dir='ltr'>p.</span> <span class='ocrx_word' id='word_1_46' title='bbox 1340 885 1480 945; x_wconf 84' lang='lat'>220):</span> 
     </span>
    </p>

    <p class='ocr_par' dir='ltr' id='par_1_4' title="bbox 478 980 2192 1503">
     <span class='ocr_line' id='line_1_9' title="bbox 755 980 1776 1041; baseline 0 -15"><span class='ocrx_word' id='word_1_47' title='bbox 755 985 895 1034; x_wconf 84' lang='grc' dir='ltr'><strong><em>αὐτὸς</em></strong></span> <span class='ocrx_word' id='word_1_48' title='bbox 924 981 965 1027; x_wconf 82' lang='grc' dir='ltr'>δ’</span> <span class='ocrx_word' id='word_1_49' title='bbox 998 987 1046 1035; x_wconf 78' lang='grc' dir='ltr'>ἐς</span> <span class='ocrx_word' id='word_1_50' title='bbox 1074 983 1281 1040; x_wconf 84' lang='grc' dir='ltr'><strong><em>Νύμφας</em></strong></span> <span class='ocrx_word' id='word_1_51' title='bbox 1310 980 1439 1041; x_wconf 79' lang='grc' dir='ltr'><strong><em>ᾤχετ’</em></strong></span> <span class='ocrx_word' id='word_1_52' title='bbox 1473 982 1776 1040; x_wconf 78' lang='grc' dir='ltr'><strong><em>ἐφυδριάὸας,</em></strong></span> 
     </span>
     <span class='ocr_line' id='line_1_10' title="bbox 481 1077 2191 1131; baseline -0.002 -7"><span class='ocrx_word' id='word_1_53' title='bbox 481 1087 666 1124; x_wconf 87' lang='lat' dir='ltr'>servato</span> <span class='ocrx_word' id='word_1_54' title='bbox 698 1094 725 1124; x_wconf 92' lang='lat' dir='ltr'>a</span> <span class='ocrx_word' id='word_1_55' title='bbox 758 1079 1010 1124; x_wconf 88' lang='lat' dir='ltr'>Parthenio</span> <span class='ocrx_word' id='word_1_56' title='bbox 1042 1078 1178 1131; x_wconf 92' lang='lat' dir='ltr'>XIV,</span> <span class='ocrx_word' id='word_1_57' title='bbox 1210 1078 1267 1124; x_wconf 87' lang='lat'>22</span> <span class='ocrx_word' id='word_1_58' title='bbox 1299 1079 1511 1124; x_wconf 90' lang='lat' dir='ltr'>coniecit.</span> <span class='ocrx_word' id='word_1_59' title='bbox 1544 1077 1636 1123; x_wconf 86' lang='lat' dir='ltr'>Sed</span> <span class='ocrx_word' id='word_1_60' title='bbox 1669 1078 1783 1123; x_wconf 90' lang='lat' dir='ltr'>mihi</span> <span class='ocrx_word' id='word_1_61' title='bbox 1830 1077 2191 1122; x_wconf 91' lang='lat' dir='ltr'>audacissimum</span> 
     </span>
     <span class='ocr_line' id='line_1_11' title="bbox 479 1172 2192 1226; baseline -0.001 -8"><span class='ocrx_word' id='word_1_62' title='bbox 479 1173 667 1218; x_wconf 89' lang='lat' dir='ltr'>videtur</span> <span class='ocrx_word' id='word_1_63' title='bbox 697 1174 902 1219; x_wconf 88' lang='lat' dir='ltr'>tribus</span> <span class='ocrx_word' id='word_1_64' title='bbox 934 1174 1158 1226; x_wconf 84' lang='lat' dir='ltr'>deinceps</span> <span class='ocrx_word' id='word_1_65' title='bbox 1189 1174 1316 1225; x_wconf 90' lang='lat' dir='ltr'>locis,</span> <span class='ocrx_word' id='word_1_66' title='bbox 1349 1198 1406 1204; x_wconf 88' lang='lat'>-</span> <span class='ocrx_word' id='word_1_67' title='bbox 1438 1189 1547 1218; x_wconf 90' lang='lat' dir='ltr'>nam</span> <span class='ocrx_word' id='word_1_68' title='bbox 1565 1188 1706 1218; x_wconf 88' lang='lat' dir='ltr'>versu</span> <span class='ocrx_word' id='word_1_69' title='bbox 1724 1172 1781 1218; x_wconf 88' lang='grc'>45</span> <span class='ocrx_word' id='word_1_70' title='bbox 1798 1187 1885 1225; x_wconf 91' lang='lat' dir='ltr'>pro</span> <span class='ocrx_word' id='word_1_71' title='bbox 1907 1173 2192 1225; x_wconf 84' lang='lat' dir='ltr'>Dryades</span> 
     </span>
     <span class='ocr_line' id='line_1_12' title="bbox 478 1268 2190 1322; baseline -0.001 -9"><span class='ocrx_word' id='word_1_72' title='bbox 478 1284 587 1313; x_wconf 90' lang='lat' dir='ltr'>cum</span> <span class='ocrx_word' id='word_1_73' title='bbox 615 1269 811 1322; x_wconf 80' lang='lat' dir='ltr'>Ungero</span> <span class='ocrx_word' id='word_1_74' title='bbox 843 1268 1211 1321; x_wconf 85' lang='lat' dir='ltr'>Hydriades</span> <span class='ocrx_word' id='word_1_75' title='bbox 1242 1269 1290 1313; x_wconf 92' lang='lat' dir='ltr'>in</span> <span class='ocrx_word' id='word_1_76' title='bbox 1323 1278 1452 1314; x_wconf 83' lang='lat' dir='ltr'>textu</span> <span class='ocrx_word' id='word_1_77' title='bbox 1483 1278 1665 1321; x_wconf 88' lang='lat' dir='ltr'>ponunt</span> <span class='ocrx_word' id='word_1_78' title='bbox 1696 1293 1754 1299; x_wconf 93' lang='lat'>—</span> <span class='ocrx_word' id='word_1_79' title='bbox 1773 1277 1952 1313; x_wconf 90' lang='lat' dir='ltr'>textum</span> <span class='ocrx_word' id='word_1_80' title='bbox 1970 1268 2190 1313; x_wconf 89' lang='lat' dir='ltr'>traditum</span> 
     </span>
     <span class='ocr_line' id='line_1_13' title="bbox 478 1363 2192 1416; baseline 0 -8"><span class='ocrx_word' id='word_1_81' title='bbox 478 1372 673 1409; x_wconf 90' lang='lat' dir='ltr'>mutare.</span> <span class='ocrx_word' id='word_1_82' title='bbox 728 1363 861 1408; x_wconf 87' lang='lat' dir='ltr'>Licet</span> <span class='ocrx_word' id='word_1_83' title='bbox 907 1363 1190 1416; x_wconf 89' lang='lat' dir='ltr'>Apollonius</span> <span class='ocrx_word' id='word_1_84' title='bbox 1236 1364 1409 1409; x_wconf 87' lang='lat' dir='ltr'>diserte</span> <span class='ocrx_word' id='word_1_85' title='bbox 1456 1372 1614 1409; x_wconf 89' lang='lat' dir='ltr'>narret</span> <span class='ocrx_word' id='word_1_86' title='bbox 1675 1364 1893 1416; x_wconf 86' lang='lat' dir='ltr'>Dryadas</span> <span class='ocrx_word' id='word_1_87' title='bbox 1941 1378 1969 1408; x_wconf 88' lang='lat' dir='ltr'>a</span> <span class='ocrx_word' id='word_1_88' title='bbox 2014 1363 2192 1408; x_wconf 89' lang='lat' dir='ltr'>scelere</span> 
     </span>
     <span class='ocr_line' id='line_1_14' title="bbox 479 1458 782 1503; baseline 0 0"><span class='ocrx_word' id='word_1_89' title='bbox 479 1458 782 1503; x_wconf 86' lang='lat' dir='ltr'>abstinuisse:</span> 
     </span>
    </p>

    <p class='ocr_par' dir='ltr' id='par_1_5' title="bbox 705 1552 1816 1611">
     <span class='ocr_line' id='line_1_15' title="bbox 705 1552 1816 1611; baseline -0.001 -14"><span class='ocrx_word' id='word_1_90' title='bbox 705 1556 762 1597; x_wconf 81' lang='grc' dir='ltr'>αἵ</span> <span class='ocrx_word' id='word_1_91' title='bbox 783 1570 835 1611; x_wconf 79' lang='grc' dir='ltr'>γε</span> <span class='ocrx_word' id='word_1_92' title='bbox 863 1555 949 1610; x_wconf 81' lang='grc' dir='ltr'>μὲν</span> <span class='ocrx_word' id='word_1_93' title='bbox 979 1553 1192 1611; x_wconf 81' lang='grc' dir='ltr'><strong><em>ὑλήωροι</em></strong></span> <span class='ocrx_word' id='word_1_94' title='bbox 1223 1552 1507 1611; x_wconf 77' lang='grc' dir='ltr'><strong><em>ἀπόπροθεν</em></strong></span> <span class='ocrx_word' id='word_1_95' title='bbox 1537 1556 1816 1611; x_wconf 79' lang='grc' dir='ltr'><strong><em>ἐστιχόωντο</em></strong></span> 
     </span>
    </p>

    <p class='ocr_par' dir='ltr' id='par_1_6' title="bbox 476 1649 2193 2086">
     <span class='ocr_line' id='line_1_16' title="bbox 476 1649 2190 1703; baseline -0.001 -9"><span class='ocrx_word' id='word_1_96' title='bbox 476 1649 614 1694; x_wconf 91' lang='lat' dir='ltr'>lectio</span> <span class='ocrx_word' id='word_1_97' title='bbox 645 1649 813 1694; x_wconf 89' lang='lat' dir='ltr'>tradita</span> <span class='ocrx_word' id='word_1_98' title='bbox 843 1649 980 1703; x_wconf 87' lang='lat' dir='ltr'>aequi</span> <span class='ocrx_word' id='word_1_99' title='bbox 1012 1649 1220 1703; x_wconf 87' lang='lat' dir='ltr'>bonique</span> <span class='ocrx_word' id='word_1_100' title='bbox 1251 1650 1542 1694; x_wconf 88' lang='lat' dir='ltr'>consulenda</span> <span class='ocrx_word' id='word_1_101' title='bbox 1572 1658 1661 1702; x_wconf 89' lang='lat' dir='ltr'>est;</span> <span class='ocrx_word' id='word_1_102' title='bbox 1693 1649 2080 1700; x_wconf 90' lang='lat' dir='ltr'>hamadryad</span> <span class='ocrx_word' id='word_1_103' title='bbox 2096 1664 2127 1693; x_wconf 94' lang='lat' dir='ltr'>u</span> <span class='ocrx_word' id='word_1_104' title='bbox 2143 1664 2190 1693; x_wconf 95' lang='lat' dir='ltr'>m</span> 
     </span>
     <span class='ocr_line' id='line_1_17' title="bbox 478 1743 2192 1798; baseline -0.002 -9"><span class='ocrx_word' id='word_1_105' title='bbox 478 1744 670 1789; x_wconf 90' lang='lat' dir='ltr'>nomine</span> <span class='ocrx_word' id='word_1_106' title='bbox 716 1745 843 1789; x_wconf 90' lang='lat' dir='ltr'>enim</span> <span class='ocrx_word' id='word_1_107' title='bbox 889 1744 1089 1789; x_wconf 90' lang='lat' dir='ltr'>fontium</span> <span class='ocrx_word' id='word_1_108' title='bbox 1137 1759 1327 1798; x_wconf 88' lang='lat' dir='ltr'>quoque</span> <span class='ocrx_word' id='word_1_109' title='bbox 1360 1745 1592 1796; x_wconf 89' lang='lat' dir='ltr'>nymphas</span> <span class='ocrx_word' id='word_1_110' title='bbox 1623 1743 1827 1796; x_wconf 80' lang='lat' dir='ltr'>signifari</span> <span class='ocrx_word' id='word_1_111' title='bbox 1859 1757 1997 1796; x_wconf 91' lang='lat' dir='ltr'>posse</span> <span class='ocrx_word' id='word_1_112' title='bbox 2028 1743 2192 1787; x_wconf 85' lang='lat' dir='ltr'>docet:</span> 
     </span>
     <span class='ocr_line' id='line_1_18' title="bbox 477 1838 2190 1896; baseline -0.001 -13"><span class='ocrx_word' id='word_1_113' title='bbox 477 1838 625 1883; x_wconf 89' lang='lat' dir='ltr'>Anth.</span> <span class='ocrx_word' id='word_1_114' title='bbox 636 1839 827 1891; x_wconf 90' lang='lat' dir='ltr'>Pal.VI,</span> <span class='ocrx_word' id='word_1_115' title='bbox 839 1838 943 1884; x_wconf 82' lang='lat'>189:</span> <span class='ocrx_word' id='word_1_116' title='bbox 959 1838 1160 1895; x_wconf 83' lang='grc' dir='ltr'><strong><em>Νύμφαι</em></strong></span> <span class='ocrx_word' id='word_1_117' title='bbox 1176 1838 1483 1896; x_wconf 76' lang='grc' dir='ltr'><strong><em>ἁμαδρυάδες,</em></strong></span> <span class='ocrx_word' id='word_1_118' title='bbox 1498 1844 1713 1895; x_wconf 82' lang='grc' dir='ltr'><strong><em>ποταμοῦ</em></strong></span> <span class='ocrx_word' id='word_1_119' title='bbox 1730 1839 1881 1895; x_wconf 82' lang='grc' dir='ltr'><strong><em>κόραι,</em></strong></span> <span class='ocrx_word' id='word_1_120' title='bbox 1905 1851 2190 1891; x_wconf 89' lang='lat' dir='ltr'>quamquam</span> 
     </span>
     <span class='ocr_line' id='line_1_19' title="bbox 479 1932 2191 1987; baseline -0.001 -9"><span class='ocrx_word' id='word_1_121' title='bbox 479 1934 606 1978; x_wconf 91' lang='lat' dir='ltr'>hunc</span> <span class='ocrx_word' id='word_1_122' title='bbox 637 1949 827 1987; x_wconf 85' lang='lat' dir='ltr'>quoque</span> <span class='ocrx_word' id='word_1_123' title='bbox 859 1934 1015 1978; x_wconf 92' lang='lat' dir='ltr'>locum</span> <span class='ocrx_word' id='word_1_124' title='bbox 1047 1942 1321 1986; x_wconf 87' lang='lat' dir='ltr'>corruptum</span> <span class='ocrx_word' id='word_1_125' title='bbox 1354 1948 1456 1978; x_wconf 90' lang='lat' dir='ltr'>esse</span> <span class='ocrx_word' id='word_1_126' title='bbox 1488 1932 1747 1986; x_wconf 78' lang='lat' dir='ltr'>Postgatius</span> <span class='ocrx_word' id='word_1_127' title='bbox 1778 1941 1952 1985; x_wconf 85' lang='lat' dir='ltr'>censet,</span> <span class='ocrx_word' id='word_1_128' title='bbox 1984 1932 2191 1986; x_wconf 84' lang='lat' dir='ltr'>quicum</span> 
     </span>
     <span class='ocr_line' id='line_1_20' title="bbox 482 2025 2193 2086; baseline -0.001 -13"><span class='ocrx_word' id='word_1_129' title='bbox 482 2028 678 2082; x_wconf 77' lang='lat' dir='ltr'>Ungero</span> <span class='ocrx_word' id='word_1_130' title='bbox 691 2025 977 2086; x_wconf 79' lang='grc' dir='ltr'><strong><em>’Δνιγριὰδες</em></strong></span> <span class='ocrx_word' id='word_1_131' title='bbox 991 2028 1146 2082; x_wconf 80' lang='lat' dir='ltr'>legere</span> <span class='ocrx_word' id='word_1_132' title='bbox 1177 2029 1292 2073; x_wconf 88' lang='lat' dir='ltr'>vult.</span> <span class='ocrx_word' id='word_1_133' title='bbox 1307 2027 1399 2073; x_wconf 94' lang='lat' dir='ltr'>Sed</span> <span class='ocrx_word' id='word_1_134' title='bbox 1414 2027 1528 2072; x_wconf 88' lang='lat' dir='ltr'>mihi</span> <span class='ocrx_word' id='word_1_135' title='bbox 1544 2028 1660 2072; x_wconf 92' lang='lat' dir='ltr'>haec</span> <span class='ocrx_word' id='word_1_136' title='bbox 1678 2027 1839 2080; x_wconf 88' lang='lat' dir='ltr'>petitio</span> <span class='ocrx_word' id='word_1_137' title='bbox 1856 2027 2072 2080; x_wconf 88' lang='lat' dir='ltr'>principii</span> <span class='ocrx_word' id='word_1_138' title='bbox 2090 2042 2193 2072; x_wconf 88' lang='lat' dir='ltr'>esse</span> 
     </span>
    </p>
   </div>
   <div class='ocr_carea' id='block_1_4' title="bbox 479 2122 2192 2175">
    <p class='ocr_par' dir='ltr' id='par_1_7' title="bbox 479 2122 2192 2175">
     <span class='ocr_line' id='line_1_21' title="bbox 479 2122 2192 2175; baseline -0.001 -7"><span class='ocrx_word' id='word_1_139' title='bbox 479 2123 680 2175; x_wconf 84' lang='lat' dir='ltr'>videtur,</span> <span class='ocrx_word' id='word_1_140' title='bbox 713 2123 797 2168; x_wconf 88' lang='lat' dir='ltr'>etsi</span> <span class='ocrx_word' id='word_1_141' title='bbox 830 2123 1134 2168; x_wconf 86' lang='lat' dir='ltr'>libentissime</span> <span class='ocrx_word' id='word_1_142' title='bbox 1165 2123 1270 2167; x_wconf 92' lang='lat' dir='ltr'>viro</span> <span class='ocrx_word' id='word_1_143' title='bbox 1301 2122 1557 2167; x_wconf 85' lang='lat' dir='ltr'>clarissimo</span> <span class='ocrx_word' id='word_1_144' title='bbox 1589 2123 1801 2167; x_wconf 87' lang='lat' dir='ltr'>concedo</span> <span class='ocrx_word' id='word_1_145' title='bbox 1829 2131 2011 2167; x_wconf 91' lang='lat' dir='ltr'>ceteros</span> <span class='ocrx_word' id='word_1_146' title='bbox 2028 2137 2192 2167; x_wconf 90' lang='lat' dir='ltr'>omnes</span> 
     </span>
    </p>
   </div>
   <div class='ocr_carea' id='block_1_5' title="bbox 438 2216 2196 2289">
    <p class='ocr_par' dir='ltr' id='par_1_8' title="bbox 438 2216 2196 2289">
     <span class='ocr_line' id='line_1_22' title="bbox 438 2216 2196 2289; baseline -0.001 -27"><span class='ocrx_word' id='word_1_147' title='bbox 438 2218 810 2289; x_wconf 22' lang='lat' dir='ltr'>&#39;locos,quibus</span> <span class='ocrx_word' id='word_1_148' title='bbox 841 2218 1359 2270; x_wconf 86' lang='lat' dir='ltr'>Hamadryades</span> <span class='ocrx_word' id='word_1_149' title='bbox 1391 2226 1438 2262; x_wconf 91' lang='lat' dir='ltr'>et</span> <span class='ocrx_word' id='word_1_150' title='bbox 1468 2217 1779 2270; x_wconf 89' lang='lat' dir='ltr'>Dryades</span> <span class='ocrx_word' id='word_1_151' title='bbox 1811 2232 1919 2262; x_wconf 87' lang='lat' dir='ltr'>cum</span> <span class='ocrx_word' id='word_1_152' title='bbox 1953 2216 2196 2262; x_wconf 92' lang='lat' dir='ltr'>Naiasin</span> 
     </span>
    </p>
   </div>
   <div class='ocr_carea' id='block_1_6' title="bbox 478 2312 2198 2838">
    <p class='ocr_par' dir='ltr' id='par_1_9' title="bbox 478 2312 2198 2556">
     <span class='ocr_line' id='line_1_23' title="bbox 482 2312 2198 2366; baseline -0.001 -9"><span class='ocrx_word' id='word_1_153' title='bbox 482 2312 709 2358; x_wconf 88' lang='lat' dir='ltr'>confundi</span> <span class='ocrx_word' id='word_1_154' title='bbox 756 2321 920 2365; x_wconf 89' lang='lat' dir='ltr'>putant</span> <span class='ocrx_word' id='word_1_155' title='bbox 965 2312 1055 2357; x_wconf 86' lang='lat' dir='ltr'>viri</span> <span class='ocrx_word' id='word_1_156' title='bbox 1102 2312 1241 2364; x_wconf 88' lang='lat' dir='ltr'>docti,</span> <span class='ocrx_word' id='word_1_157' title='bbox 1288 2327 1383 2357; x_wconf 90' lang='lat' dir='ltr'>non</span> <span class='ocrx_word' id='word_1_158' title='bbox 1416 2320 1543 2357; x_wconf 88' lang='lat' dir='ltr'>recte</span> <span class='ocrx_word' id='word_1_159' title='bbox 1575 2312 1797 2366; x_wconf 87' lang='lat' dir='ltr'>explicari</span> <span class='ocrx_word' id='word_1_160' title='bbox 1830 2312 2003 2364; x_wconf 87' lang='lat' dir='ltr'>solere;</span> <span class='ocrx_word' id='word_1_161' title='bbox 2036 2313 2198 2357; x_wconf 76' lang='lat' dir='ltr'>confer</span> 
     </span>
     <span class='ocr_line' id='line_1_24' title="bbox 481 2406 2196 2461; baseline 0 -10"><span class='ocrx_word' id='word_1_162' title='bbox 481 2407 796 2452; x_wconf 84' lang='lat' dir='ltr'>doctissimam</span> <span class='ocrx_word' id='word_1_163' title='bbox 815 2407 1032 2461; x_wconf 78' lang='lat' dir='ltr'>Postgatii</span> <span class='ocrx_word' id='word_1_164' title='bbox 1065 2407 1511 2460; x_wconf 86' lang='lat' dir='ltr'>interpretationem:</span> <span class='ocrx_word' id='word_1_165' title='bbox 1529 2407 1694 2452; x_wconf 90' lang='lat' dir='ltr'>Amer.</span> <span class='ocrx_word' id='word_1_166' title='bbox 1711 2406 1739 2452; x_wconf 90' lang='lat' dir='ltr'>J</span> <span class='ocrx_word' id='word_1_167' title='bbox 1743 2422 1877 2451; x_wconf 89' lang='lat' dir='ltr'>ourn.</span> <span class='ocrx_word' id='word_1_168' title='bbox 1896 2406 2016 2451; x_wconf 83' lang='lat' dir='ltr'>Phil.</span> <span class='ocrx_word' id='word_1_169' title='bbox 2033 2406 2196 2459; x_wconf 87' lang='lat' dir='ltr'><strong>XVII,</strong></span> 
     </span>
     <span class='ocr_line' id='line_1_25' title="bbox 478 2501 1280 2556; baseline 0 -10"><span class='ocrx_word' id='word_1_170' title='bbox 478 2517 524 2554; x_wconf 85' lang='lat' dir='ltr'>p.</span> <span class='ocrx_word' id='word_1_171' title='bbox 556 2501 614 2546; x_wconf 82' lang='lat'>30</span> <span class='ocrx_word' id='word_1_172' title='bbox 646 2516 762 2555; x_wconf 70' lang='lat' dir='ltr'>sqq„</span> <span class='ocrx_word' id='word_1_173' title='bbox 793 2501 980 2554; x_wconf 91' lang='lat' dir='ltr'>XVIII,</span> <span class='ocrx_word' id='word_1_174' title='bbox 1013 2517 1058 2554; x_wconf 87' lang='lat' dir='ltr'>p.</span> <span class='ocrx_word' id='word_1_175' title='bbox 1091 2501 1147 2546; x_wconf 88' lang='lat'>74</span> <span class='ocrx_word' id='word_1_176' title='bbox 1180 2517 1280 2556; x_wconf 89' lang='lat' dir='ltr'>sqq.</span> 
     </span>
    </p>

    <p class='ocr_par' dir='ltr' id='par_1_10' title="bbox 484 2594 2196 2838">
     <span class='ocr_line' id='line_1_26' title="bbox 486 2594 2196 2653; baseline -0.001 -12"><span class='ocrx_word' id='word_1_177' title='bbox 486 2596 614 2650; x_wconf 78' lang='lat' dir='ltr'>Lego</span> <span class='ocrx_word' id='word_1_178' title='bbox 659 2596 796 2649; x_wconf 77' lang='lat' dir='ltr'>igitur</span> <span class='ocrx_word' id='word_1_179' title='bbox 827 2611 968 2641; x_wconf 90' lang='lat' dir='ltr'>versu</span> <span class='ocrx_word' id='word_1_180' title='bbox 1002 2595 1057 2640; x_wconf 90' lang='lat'>12</span> <span class='ocrx_word' id='word_1_181' title='bbox 1089 2611 1197 2641; x_wconf 92' lang='lat' dir='ltr'>cum</span> <span class='ocrx_word' id='word_1_182' title='bbox 1230 2595 1418 2641; x_wconf 87' lang='lat' dir='ltr'>Struvio</span> <span class='ocrx_word' id='word_1_183' title='bbox 1438 2594 1479 2653; x_wconf 73' lang='grc' dir='ltr'>ι)</span> <span class='ocrx_word' id='word_1_184' title='bbox 1510 2596 1606 2640; x_wconf 87' lang='lat' dir='ltr'>Ad</span> <span class='ocrx_word' id='word_1_185' title='bbox 1624 2595 1855 2648; x_wconf 89' lang='lat' dir='ltr'>ryasin</span> <span class='ocrx_word' id='word_1_186' title='bbox 1888 2605 1935 2640; x_wconf 92' lang='lat' dir='ltr'>et</span> <span class='ocrx_word' id='word_1_187' title='bbox 1966 2611 2107 2640; x_wconf 89' lang='lat' dir='ltr'>versu</span> <span class='ocrx_word' id='word_1_188' title='bbox 2139 2594 2196 2640; x_wconf 88' lang='lat'>32</span> 
     </span>
     <span class='ocr_line' id='line_1_27' title="bbox 485 2690 2196 2744; baseline -0.001 -9"><span class='ocrx_word' id='word_1_189' title='bbox 485 2691 535 2735; x_wconf 96' lang='lat' dir='ltr'>H</span> <span class='ocrx_word' id='word_1_190' title='bbox 553 2706 580 2735; x_wconf 91' lang='lat' dir='ltr'>a</span> <span class='ocrx_word' id='word_1_191' title='bbox 596 2706 643 2735; x_wconf 90' lang='lat' dir='ltr'>m</span> <span class='ocrx_word' id='word_1_192' title='bbox 659 2706 687 2735; x_wconf 93' lang='lat' dir='ltr'>a</span> <span class='ocrx_word' id='word_1_193' title='bbox 702 2691 733 2735; x_wconf 95' lang='lat' dir='ltr'>d</span> <span class='ocrx_word' id='word_1_194' title='bbox 750 2706 774 2735; x_wconf 89' lang='lat' dir='ltr'>r</span> <span class='ocrx_word' id='word_1_195' title='bbox 790 2707 821 2743; x_wconf 90' lang='lat' dir='ltr'>y</span> <span class='ocrx_word' id='word_1_196' title='bbox 838 2707 865 2736; x_wconf 94' lang='lat' dir='ltr'>a</span> <span class='ocrx_word' id='word_1_197' title='bbox 881 2691 996 2743; x_wconf 91' lang='lat' dir='ltr'>sin,</span> <span class='ocrx_word' id='word_1_198' title='bbox 1034 2691 1163 2744; x_wconf 85' lang='lat' dir='ltr'>quod</span> <span class='ocrx_word' id='word_1_199' title='bbox 1196 2690 1481 2744; x_wconf 79' lang='lat' dir='ltr'>scaligerum</span> <span class='ocrx_word' id='word_1_200' title='bbox 1514 2691 1718 2743; x_wconf 88' lang='lat' dir='ltr'>primum</span> <span class='ocrx_word' id='word_1_201' title='bbox 1751 2691 1937 2735; x_wconf 90' lang='lat' dir='ltr'>dedisse</span> <span class='ocrx_word' id='word_1_202' title='bbox 1954 2690 2196 2735; x_wconf 89' lang='lat' dir='ltr'>contendit</span> 
     </span>
     <span class='ocr_line' id='line_1_28' title="bbox 484 2785 839 2838; baseline -0.003 -8"><span class='ocrx_word' id='word_1_203' title='bbox 484 2785 839 2838; x_wconf 79' lang='lat' dir='ltr'>Hertzbergius.</span> 
     </span>
    </p>
   </div>
   <div class='ocr_carea' id='block_1_7' title="bbox 353 2960 1598 3028">
    <p class='ocr_par' dir='ltr' id='par_1_11' title="bbox 353 2960 1598 3028">
     <span class='ocr_line' id='line_1_29' title="bbox 353 2960 1598 3028; baseline -0.001 -9"><span class='ocrx_word' id='word_1_204' title='bbox 353 2973 494 3019; x_wconf 88' lang='lat'>13.14.</span> <span class='ocrx_word' id='word_1_205' title='bbox 527 2989 587 3019; x_wconf 92' lang='lat' dir='ltr'>ne</span> <span class='ocrx_word' id='word_1_206' title='bbox 618 2973 702 3018; x_wconf 91' lang='lat' dir='ltr'>tibi</span> <span class='ocrx_word' id='word_1_207' title='bbox 733 2974 823 3019; x_wconf 91' lang='lat' dir='ltr'>sint</span> <span class='ocrx_word' id='word_1_208' title='bbox 854 2975 961 3019; x_wconf 92' lang='lat' dir='ltr'>duri</span> <span class='ocrx_word' id='word_1_209' title='bbox 992 2960 1174 3019; x_wconf 89' lang='lat' dir='ltr'>montes</span> <span class='ocrx_word' id='word_1_210' title='bbox 1206 2983 1252 3019; x_wconf 94' lang='lat' dir='ltr'>et</span> <span class='ocrx_word' id='word_1_211' title='bbox 1282 2974 1445 3028; x_wconf 75' lang='lat' dir='ltr'>frigida</span> <span class='ocrx_word' id='word_1_212' title='bbox 1475 2989 1598 3026; x_wconf 83' lang='lat' dir='ltr'>saxa,</span> 
     </span>
    </p>
   </div>
   <div class='ocr_carea' id='block_1_8' title="bbox 487 3068 2196 3219">
    <p class='ocr_par' dir='ltr' id='par_1_12' title="bbox 487 3068 2196 3219">
     <span class='ocr_line' id='line_1_30' title="bbox 602 3068 1724 3121; baseline -0.002 -7"><span class='ocrx_word' id='word_1_213' title='bbox 602 3068 753 3120; x_wconf 87' lang='lat' dir='ltr'>Galle,</span> <span class='ocrx_word' id='word_1_214' title='bbox 785 3083 941 3121; x_wconf 86' lang='lat' dir='ltr'>neque</span> <span class='ocrx_word' id='word_1_215' title='bbox 972 3077 1188 3121; x_wconf 87' lang='lat' dir='ltr'>expertos</span> <span class='ocrx_word' id='word_1_216' title='bbox 1219 3083 1406 3121; x_wconf 88' lang='lat' dir='ltr'>semper</span> <span class='ocrx_word' id='word_1_217' title='bbox 1436 3068 1566 3113; x_wconf 90' lang='lat' dir='ltr'>adire</span> <span class='ocrx_word' id='word_1_218' title='bbox 1597 3069 1724 3112; x_wconf 92' lang='lat' dir='ltr'>lacus</span> 
     </span>
     <span class='ocr_line' id='line_1_31' title="bbox 487 3158 2196 3219; baseline -0.001 -13"><span class='ocrx_word' id='word_1_219' title='bbox 487 3162 705 3208; x_wconf 89' lang='lat' dir='ltr'>Dubitari</span> <span class='ocrx_word' id='word_1_220' title='bbox 750 3171 915 3216; x_wconf 86' lang='lat' dir='ltr'>potest,</span> <span class='ocrx_word' id='word_1_221' title='bbox 962 3171 1119 3207; x_wconf 82' lang='lat' dir='ltr'>utrum</span> <span class='ocrx_word' id='word_1_222' title='bbox 1163 3178 1271 3207; x_wconf 89' lang='lat' dir='ltr'>cum</span> <span class='ocrx_word' id='word_1_223' title='bbox 1320 3162 1522 3207; x_wconf 90' lang='lat' dir='ltr'>Francio</span> <span class='ocrx_word' id='word_1_224' title='bbox 1553 3177 1625 3206; x_wconf 90' lang='lat' dir='ltr'>ne</span> <span class='ocrx_word' id='word_1_225' title='bbox 1657 3162 1779 3206; x_wconf 90' lang='lat' dir='ltr'>tibi</span> <span class='ocrx_word' id='word_1_226' title='bbox 1810 3162 1891 3206; x_wconf 92' lang='lat' dir='ltr'>sit</span> <span class='ocrx_word' id='word_1_227' title='bbox 1922 3158 2196 3219; x_wconf 86' lang='lat' dir='ltr'>(durum)</span> 
     </span>
    </p>
   </div>
   <div class='ocr_carea' id='block_1_9' title="bbox 485 3254 2202 3311">
    <p class='ocr_par' dir='ltr' id='par_1_13' title="bbox 485 3254 2202 3311">
     <span class='ocr_line' id='line_1_32' title="bbox 485 3254 2202 3311; baseline -0.002 -10"><span class='ocrx_word' id='word_1_228' title='bbox 485 3265 699 3301; x_wconf 92' lang='lat' dir='ltr'>montes</span> <span class='ocrx_word' id='word_1_229' title='bbox 730 3271 842 3309; x_wconf 86' lang='lat' dir='ltr'>eqs.‚</span> <span class='ocrx_word' id='word_1_230' title='bbox 873 3257 1002 3309; x_wconf 87' lang='lat' dir='ltr'>quod</span> <span class='ocrx_word' id='word_1_231' title='bbox 1034 3256 1291 3310; x_wconf 78' lang='lat' dir='ltr'>Postgatius</span> <span class='ocrx_word' id='word_1_232' title='bbox 1308 3256 1567 3311; x_wconf 85' lang='lat' dir='ltr'>assumpsit,</span> <span class='ocrx_word' id='word_1_233' title='bbox 1585 3270 1644 3300; x_wconf 92' lang='lat' dir='ltr'>an</span> <span class='ocrx_word' id='word_1_234' title='bbox 1670 3270 1779 3300; x_wconf 90' lang='lat' dir='ltr'>cum</span> <span class='ocrx_word' id='word_1_235' title='bbox 1798 3255 1958 3307; x_wconf 92' lang='lat' dir='ltr'>Lipsio</span> <span class='ocrx_word' id='word_1_236' title='bbox 1974 3254 2202 3306; x_wconf 90' lang='lat' dir='ltr'>probante</span> 
     </span>
    </p>
   </div>
   <div class='ocr_carea' id='block_1_10' title="bbox 357 3387 638 3393">
    <p class='ocr_par' dir='ltr' id='par_1_14' title="bbox 357 3387 638 3393">
     <span class='ocr_line' id='line_1_33' title="bbox 357 3387 638 3393; baseline 0 0"><span class='ocrx_word' id='word_1_237' title='bbox 357 3387 638 3393; x_wconf 95' lang='lat' dir='ltr'> </span> 
     </span>
    </p>
   </div>
   <div class='ocr_carea' id='block_1_11' title="bbox 403 3456 1250 3502">
    <p class='ocr_par' dir='ltr' id='par_1_15' title="bbox 403 3456 1250 3502">
     <span class='ocr_line' id='line_1_34' title="bbox 403 3456 1250 3502; baseline -0.001 -8"><span class='ocrx_word' id='word_1_238' title='bbox 403 3456 429 3502; x_wconf 89' lang='lat'>¹)</span> <span class='ocrx_word' id='word_1_239' title='bbox 477 3459 576 3494; x_wconf 80' lang='lat' dir='ltr'>Anu.</span> <span class='ocrx_word' id='word_1_240' title='bbox 602 3459 738 3501; x_wconf 83' lang='lat' dir='ltr'>Gymn.</span> <span class='ocrx_word' id='word_1_241' title='bbox 768 3459 1001 3501; x_wconf 70' lang='lat' dir='ltr'>Regiomont.</span> <span class='ocrx_word' id='word_1_242' title='bbox 1030 3459 1131 3494; x_wconf 84' lang='lat'>1819.</span> <span class='ocrx_word' id='word_1_243' title='bbox 1158 3470 1191 3499; x_wconf 83' lang='grc' dir='ltr'>ρ.</span> <span class='ocrx_word' id='word_1_244' title='bbox 1217 3460 1250 3493; x_wconf 91' lang='grc'>4.</span> 
     </span>
    </p>
   </div>
  </div>
 </body>
</html>
