2566 3886
325 1148 397 1194 27.

1135 252 1373 297 -74-

463 386 794 432 Lachmannus
811 393 1019 430 annotat:
1038 384 1148 438 „qui
1182 383 1348 429 Latine
1379 382 1477 435 scit,
1509 382 1759 437 coniunget
1796 399 1891 429 seu
1928 385 2178 435 invenio:

458 491 504 527 at
541 482 589 526 id
620 489 747 526 vetat
778 480 1002 532 sensus”;
1041 495 1136 525 non
1174 487 1330 523 tamen
1368 494 1478 523 cum
1516 493 1574 523 eo
1605 494 1771 524 versus
1803 478 1891 532 5,6
1922 495 2030 525 cum
2061 480 2179 534 9,10

459 584 750 622 commutare
782 575 954 627 velim;
988 574 1131 628 magis
1162 575 1314 626 placet
1347 573 1620 618 Baehrensii
1651 574 1926 620 inventum:

560 686 643 716 seu
676 670 767 716 iam
799 669 1034 724 poscentis
1066 684 1283 714 somnum
1317 669 1518 714 declinat
1550 669 1738 714 ocellos.

460 766 625 812 Minus
662 765 775 811 felix
813 774 882 811 est
921 764 1096 810 Leonis
1134 764 1403 809 coniectura
1434 761 1614 821 (RhM.
1650 762 1778 816 1880,
1810 779 1855 817 p.
1888 761 2179 821 431—447):

578 877 661 907 seu
708 876 734 906 c
750 876 780 907 o
798 876 844 906 m
862 876 894 914 p
910 876 937 906 e
955 875 976 905 s
993 875 1019 905 c
1035 875 1062 905 e
1079 876 1110 905 n
1128 868 1145 905 t
1161 875 1188 905 e
1206 875 1227 905 s
1274 874 1493 905 somnum
1526 859 1728 905 declinat
1758 859 1958 911 ocellos3

459 973 615 1011 neque
647 956 772 1002 enim
805 964 933 1002 recte
965 955 1165 1001 dicimus
1212 970 1486 1000 somnum
1529 954 1600 1000 ab
1637 954 1845 1000 oculis
1888 953 2181 1008 compesci.

462 1163 571 1193 nam
603 1147 821 1200 quotiens
854 1145 1091 1191 Mutinam
1123 1154 1202 1190 aut
1232 1145 1388 1191 civilia
1419 1146 1554 1191 busta
1584 1145 1827 1198 Philippos

578 1251 658 1288 aut
688 1256 909 1287 canerem
942 1240 1125 1286 Siculae
1157 1240 1348 1286 classica
1378 1240 1501 1286 bella
1530 1241 1680 1294 fugae,

458 1353 747 1391 eversosque
779 1337 908 1382 focos
939 1336 1158 1389 antiquae
1189 1335 1337 1389 gentis
1370 1335 1611 1387 Etruscae,

580 1442 627 1479 et
658 1432 946 1478 Ptolomaeei
978 1431 1113 1476 litora
1143 1439 1277 1484 capta
1307 1431 1463 1483 Phari,

460 1538 538 1575 aut
569 1543 788 1574 canerem
809 1535 848 1574 -1-
868 1535 1061 1581 cyptum
1093 1535 1140 1571 et
1170 1526 1352 1579 Nilum,
1385 1541 1493 1571 cum
1525 1534 1743 1571 attractus
1775 1525 1822 1570 in
1855 1525 2021 1570 urbem

579 1632 758 1676 septem
791 1621 986 1676 captivis
1018 1621 1185 1666 debilis
1218 1621 1313 1666 ibat
1344 1621 1477 1674 aquis

459 1727 652 1772 cyptum
685 1717 735 1763 N
754 1718 830 1770 A;
863 1717 1039 1771 giptum
1071 1717 1097 1761 f
1108 1731 1120 1769 ;
1151 1732 1351 1769 cyprum
1384 1717 1431 1761 D
1448 1717 1496 1761 V

462 1814 775 1860 Baehrensius
796 1811 837 1872 l)
904 1829 991 1866 pro
1054 1821 1276 1865 corrupto
1344 1827 1370 1857 c
1386 1828 1418 1864 y
1434 1827 1465 1864 p
1482 1820 1546 1857 tu
1563 1827 1610 1857 m
1680 1812 1901 1866 Coptum
1969 1813 2182 1865 coniecit,

460 1911 542 1956 sed
596 1918 723 1955 recte
776 1909 996 1954 observat
1049 1908 1358 1953 Housmanus
1410 1904 1554 1965 (JPh.
1606 1906 1768 1959 XXII,
1800 1924 1845 1962 p.
1862 1905 1974 1966 107)
2019 1908 2182 1954 Volsci

460 2006 777 2051 coniecturam
832 2005 1188 2058 Aegyptum
1235 2003 1464 2048 leviorem
1496 2017 1626 2047 esse:
1675 2002 2181 2057 canereegyptum

461 2117 487 2146 e
519 2101 670 2146 littera
701 2101 885 2153 omissa,
916 2110 944 2155 g
974 2101 1126 2145 littera
1156 2100 1203 2144 in
1236 2114 1261 2144 c
1293 2107 1468 2143 mutata
1497 2098 1677 2144 facilius
1709 2099 1756 2143 in
1800 2098 2182 2152 canerecyp-

462 2206 585 2242 tum
629 2197 869 2249 corrumpi
901 2196 1120 2249 potuisse,
1153 2210 1294 2248 quam
1341 2203 1610 2247 cyptum
1656 2209 1716 2239 ex
1762 2193 2018 2247 Copton
2055 2195 2181 2240 oriri.

462 2290 762 2343 Solbiskyum
794 2289 866 2349 (p.
901 2288 1012 2348 147)
1043 2290 1125 2343 qui
1141 2289 1383 2335 contendit
1405 2289 1586 2334 nudum
1610 2304 1785 2334 nomen
1801 2289 2020 2343 Aegypti,
2038 2305 2180 2343 quam

462 2396 634 2432 terram
668 2395 805 2439 poeta
835 2386 994 2431 verbis
1040 2384 1462 2430 Ptolomaeei
1508 2384 1717 2429 litora
1762 2394 1946 2438 capta
1991 2386 2181 2431 Phari

462 2491 508 2527 et
540 2481 674 2527 Nilo
706 2481 984 2535 significarit,
1022 2479 1231 2525 medium
1271 2479 1392 2524 inter
1428 2480 1545 2524 haec
1582 2479 1906 2533 interpositum
1943 2495 2046 2526 esse
2084 2496 2179 2526 non

463 2591 601 2630 posse
652 2575 873 2621 refutavit
923 2575 1221 2620 observando
1268 2591 1336 2620 vs.
1383 2574 1559 2620 27—30
1606 2576 1666 2620 de
1712 2575 1743 2619 b
1760 2591 1787 2620 e
1804 2575 1880 2621 lli
1897 2590 1919 2620 s
1964 2575 2179 2630 Augusti,

461 2687 531 2717 vs.
591 2670 767 2716 31—34
826 2672 887 2716 de
947 2671 1047 2716 eius
1107 2680 1163 2716 tr
1180 2671 1194 2716 i
1211 2688 1242 2716 u
1259 2687 1306 2716 m
1323 2687 1354 2724 p
1372 2671 1473 2716 his
1533 2686 1800 2716 sermonem
1854 2686 1971 2722 esse,
2024 2686 2180 2724 neque

462 2767 599 2821 igitur
629 2782 738 2813 cum
770 2766 1032 2812 Schradero
1064 2766 1417 2812 coniunctiones
1454 2775 1513 2812 et
1542 2764 1637 2823 (vs.
1655 2763 1739 2824 30)
1775 2775 1822 2811 et
1851 2775 1954 2812 aut
1984 2764 2079 2824 (vs.
2097 2764 2181 2824 31)

463 2863 584 2908 inter
615 2878 665 2908 se
697 2863 1067 2916 transponendas
1099 2877 1215 2907 esse.

464 2958 637 3009 Restat,
670 2966 720 3003 ut
751 2972 1044 3010 quaeramus,
1070 2966 1226 3002 utrum
1249 2972 1390 3002 versu
1415 2956 1468 3001 31
1495 2957 1734 3002 edendum
1757 2955 1814 3001 sit
1844 2971 1871 3001 a
1887 2965 1904 3001 t
1919 2965 1936 3001 t
1953 2972 1977 3001 r
1992 2972 2020 3002 a
2035 2965 2142 3002 ctu
2158 2972 2180 3002 s

463 3069 572 3099 cum
605 3053 671 3106 N,
702 3069 761 3099 an
794 3069 821 3099 a
837 3063 854 3098 t
870 3069 894 3099 r
909 3069 937 3099 a
954 3062 971 3098 t
987 3070 1018 3099 u
1035 3069 1071 3106 s,
1102 3054 1231 3106 quod
1264 3053 1508 3098 Palmerus
1528 3061 1574 3098 et
1591 3052 1903 3098 Baehrensius
1920 3052 2179 3098 coniecere.

463 3149 624 3195 Tertia
654 3150 792 3195 etiam
825 3158 973 3194 exstat
1004 3149 1141 3194 lectio
1173 3157 1229 3193 tr
1244 3164 1272 3193 a
1291 3164 1317 3194 c
1333 3157 1350 3193 t
1367 3165 1397 3194 u
1415 3164 1436 3194 s
1467 3149 1514 3193 in
1548 3148 1659 3201 DV,
1691 3163 1811 3201 quae
1834 3163 1919 3201 per
1935 3163 1985 3193 se
2002 3148 2179 3194 bonum

381 3363 405 3409 ¹)

460 3366 686 3400 Lachmanni
724 3367 938 3401 coniectura
976 3377 995 3399 c
1011 3378 1032 3399 a
1045 3378 1069 3399 n
1080 3377 1100 3400 e
1115 3378 1132 3399 r
1146 3377 1166 3399 e
1204 3366 1216 3399 i
1231 3377 1254 3399 n
1268 3377 1288 3399 c
1302 3365 1313 3399 i
1330 3377 1352 3406 p
1365 3377 1385 3400 e
1400 3377 1417 3399 r
1431 3377 1451 3399 e
1466 3377 1501 3399 m
1541 3376 1687 3399 manum
1726 3371 1857 3405 poetae
1894 3375 1968 3398 non
2005 3363 2180 3405 restituit,

448 3451 532 3491 qui·
558 3461 693 3484 nomen
718 3451 778 3484 hic
803 3451 918 3484 latere
944 3450 1024 3485 veri
1050 3449 1290 3484 simillimum.
