2566 3886
314 392 385 437 21.

315 660 387 706 25.

1110 262 1378 308 -276—

448 392 564 438 Non
611 392 927 438 necessarium
975 401 1045 438 est
1091 407 1199 438 cum
1248 393 1535 439 Baehrensio
1583 394 1805 440 Italorum
1849 395 2165 443 coniecturam

448 489 721 534 sufferte
764 503 851 542 pro
895 488 1174 534 sufferre
1210 489 1437 542 recipere.

450 661 566 706 Non
613 661 832 716 intelligo,
879 677 966 707 cur
1012 662 1259 707 Vahlenus
1297 662 1589 708 Lachmanni
1620 663 1904 717 argumentis
1935 664 2166 710 adductus

449 756 559 802 huic
591 757 902 810 sequentique
934 757 1093 802 versui
1126 772 1316 802 crucem
1349 758 1630 810 apposuerit.

447 851 623 906 Neque
656 861 813 898 tamen
845 853 990 898 credo
1022 853 1111 898 vel
1130 886 1140 898 .
1160 886 1171 897 .
1190 886 1201 898 .
1220 886 1230 898 .
1248 862 1347 899 aut
1378 853 1486 899 satis
1503 854 1694 899 defendi
1710 854 1824 901 locis
1840 869 1867 900 a
1883 853 2104 901 Schulzio
2124 853 2166 914 1)

447 948 620 993 allatis:

449 1042 543 1089 Ov.
578 1043 697 1089 Met.
715 1043 826 1089 XV.
844 1042 957 1089 600:
1191 1059 1278 1090 vos
1310 1044 1428 1090 urbe
1459 1044 1615 1090 virum
1647 1045 1908 1099 prohibete,
1940 1046 2166 1100 Quirites,

961 1141 1076 1193 vel,
1119 1141 1157 1186 si
1189 1141 1357 1195 dignus
1388 1142 1489 1194 erit,
1521 1141 1740 1195 gravibus
1771 1141 1945 1187 vincite
1976 1141 2166 1195 catenis,

961 1245 1064 1281 aut
1095 1236 1223 1281 finite
1255 1245 1433 1282 metum
1466 1236 1612 1282 fatalis
1643 1245 1795 1282 morte
1825 1236 2025 1290 tyranni.

448 1330 546 1375 Hic
589 1332 720 1376 locus
763 1332 1107 1384 comparandus
1150 1340 1220 1376 est
1250 1347 1359 1377 cum
1391 1331 1587 1385 Vergilii
1618 1333 1723 1377 loco
1753 1330 1905 1390 (Aen.
1937 1332 2024 1377 VI.
2056 1331 2166 1388 841)

446 1426 506 1470 ab
537 1427 707 1471 eodem
740 1425 960 1472 Schulzio
992 1428 1144 1480 citato,
1177 1429 1260 1473 sed
1292 1428 1384 1473 iam
1416 1428 1475 1473 ab
1509 1428 1815 1473 Lachmanno
1846 1428 1956 1472 hinc
1987 1427 2166 1473 alienus

446 1521 619 1566 habito.
652 1521 781 1566 Nam
813 1531 863 1567 ut
894 1523 1019 1575 apud
1051 1523 1313 1576 Vergilium
1346 1522 1592 1568 Fabricius
1623 1531 1669 1567 et
1701 1521 1928 1568 Serranus
1959 1531 2011 1568 ut
2028 1522 2167 1568 simil-

447 1617 547 1662 limi
589 1617 733 1662 artius
776 1618 1136 1671 coniunguntur,
1169 1617 1235 1662 sic
1266 1626 1427 1663 nostro
1458 1619 1563 1663 loco
1594 1619 1716 1664 duae
1747 1633 1823 1664 res
1854 1618 1976 1664 inter
2006 1633 2057 1664 se
2087 1633 2167 1672 op-

446 1721 711 1766 ponuntur:
757 1722 984 1766 tyrannus
1030 1713 1149 1758 urbe
1195 1713 1518 1766 prohibendus
1565 1722 1648 1766 est,
1689 1715 1781 1766 vel,
1825 1714 1953 1767 quod
1996 1714 2166 1759 eodem

446 1808 581 1861 redit,
613 1808 788 1854 catenis
820 1809 1097 1861 vincendus,
1129 1817 1209 1854 aut
1239 1809 1419 1854 acriore
1450 1808 1680 1862 supplicio
1696 1823 1723 1854 e
1739 1809 1897 1854 medio
1918 1809 2166 1854 tollendus.

449 1903 572 1949 Hor.
604 1918 678 1957 ep.
710 1902 752 1948 9.
785 1903 842 1948 34
874 1904 966 1949 iam
998 1903 1057 1949 ab
1091 1903 1397 1949 Lachmanno
1430 1912 1649 1949 tractatus
1680 1912 1775 1956 est;
1808 1903 1949 1956 Prop.
1984 1903 2045 1949 ΙΙ.
2077 1902 2121 1948 2.
2137 1904 2167 1949 6

445 2000 561 2052 vel,
593 2008 671 2045 aut
702 2007 977 2052 corruptum
1009 2007 1092 2052 est,
1124 2000 1253 2052 quod
1285 2008 1371 2053 ego
1402 2014 1588 2052 censeo,
1620 2007 1701 2045 aut
1730 1999 1867 2044 aliam
1899 1998 1997 2044 vim
2023 1998 2165 2044 habet

448 2091 553 2152 (vel
583 2116 637 2134 =
667 2091 862 2153 etiam);

446 2190 684 2235 Iuvenalis
716 2190 803 2235 III.
838 2189 948 2235 120:
982 2190 1269 2244 Protogenes
1297 2190 1464 2243 aliquis
1491 2190 1570 2235 vel
1599 2189 1819 2242 Diphilus
1841 2198 1920 2235 aut
1938 2189 2163 2236 Hermar-

445 2286 588 2338 chus;
621 2284 806 2337 Statius,
837 2284 949 2331 Silv.
982 2285 1069 2330 ΙΙΙ.
1101 2284 1142 2329 5.
1175 2284 1261 2330 20:

443 2395 745 2433 quamquam,
777 2389 823 2425 et
854 2380 892 2425 si
923 2380 1097 2434 gelidas
1128 2379 1246 2424 irem
1279 2393 1526 2424 mansurus
1557 2380 1616 2424 ad
1649 2378 1836 2432 Arctos,

445 2476 523 2521 vel
554 2490 697 2529 super
729 2474 994 2529 Hesperiae
1025 2476 1148 2520 vada
1178 2475 1419 2529 caligantia
1449 2474 1642 2528 Thules,

447 2580 527 2617 aut
556 2571 910 2624 septemgemini
941 2580 1081 2624 caput
1110 2571 1237 2616 haud
1268 2570 1556 2623 penetrabile
1587 2569 1689 2615 Nili

444 2666 614 2711 eodem
647 2666 790 2711 modo
821 2674 961 2719 atque
992 2666 1123 2710 locus
1156 2664 1421 2711 Ovidianus
1453 2665 1717 2718 explicandi
1749 2673 1875 2718 sunt;
1899 2664 2068 2711 Statius
2083 2674 2163 2711 aut

444 2762 503 2806 ad
535 2761 709 2806 Arctos
740 2761 818 2805 vel
850 2759 1038 2805 Thulen
1070 2760 1218 2805 iturus
1249 2769 1333 2812 est,
1364 2769 1442 2805 aut
1473 2760 1661 2805 diversa
1691 2759 1769 2805 via
1798 2761 1857 2805 ad
1890 2759 2071 2805 Nilum.

446 2857 747 2909 Quamquam
790 2855 928 2909 igitur
970 2856 1276 2900 Lachmanno
1317 2856 1528 2901 concedo
1571 2855 1672 2900 vel
1704 2887 1742 2899 ..
1760 2887 1771 2899 .
1788 2887 1799 2899 .
1828 2863 1929 2900 aut
1971 2854 2161 2900 defendi

446 2967 542 2997 non
567 2966 720 3006 posse,
742 2952 864 2996 hanc
886 2951 949 2996 ob
971 2965 1159 2996 causam
1182 2965 1345 2996 versus
1368 2966 1463 2996 non
1487 2951 1674 3003 damno,
1698 2951 1781 2995 sed
1803 2965 1911 2996 cum
1936 2950 1991 2995 L.
2008 2949 2163 2996 Muel-

445 3048 546 3093 lero
577 3047 786 3100 corrigo:

596 3142 690 3187 illic
721 3150 826 3187 aut
857 3141 1021 3187 studiis
1052 3149 1140 3187 etc.

446 3238 527 3290 qui
545 3238 863 3283 coniecturam
880 3252 1013 3282 suam
1044 3236 1173 3282 hisce
1204 3236 1364 3282 verbis
1395 3237 1720 3282 commendat:
1745 3250 1870 3288 „non
1887 3235 1975 3280 erit
1993 3234 2162 3288 opinor

444 3333 635 3378 ultimae
677 3332 900 3378 audaciae
938 3347 1025 3385 pro
1056 3332 1340 3384 compendio
1371 3331 1472 3377 eius
1503 3340 1566 3377 ut
1596 3345 1828 3384 reponere
1858 3330 2013 3383 ipsum
2044 3337 2159 3381 aut,

361 3474 390 3519 1)
443 3478 643 3513 Κὸιιιίιοῑιο
670 3476 871 3520 megum&
898 3489 931 3518 p.
960 3477 1039 3512 176.
