2566 3886
1137 255 1407 305 —225—

1043 460 1298 506 ELEGIA
1330 460 1442 505 Vll.

460 591 712 645 Postquam
759 591 1004 636 Vahlenus
1050 591 1097 635 in
1144 591 1537 644 praestantissima
1567 590 1890 635 dissertatione
1920 590 1981 634 de
2012 598 2172 634 nostro

456 687 664 732 carmine
679 674 844 745 (Uber
874 687 951 732 die
978 686 1311 739 Paetus-elegie
1342 687 1426 730 des
1445 685 1729 738 Propertius,
1746 684 2172 738 Sitzungsberichte

457 783 542 827 der
588 783 698 827 kon.
746 782 932 827 Preuss.
966 781 1123 826 Akad.
1155 782 1242 826 der
1273 780 1411 826 Wiss.
1443 796 1506 825 zu
1539 779 1712 832 Berlin,
1747 778 1861 824 1883
1893 795 1938 832 p.
1970 777 2173 837 69—90)

456 885 634 922 textum
667 876 886 921 traditum
918 891 945 921 a
961 875 1395 928 transpositionibus
1413 875 1623 920 virorum
1643 875 1890 919 doctorum
1907 873 2174 919 felicissime

457 971 679 1024 defendit,
740 986 1085 1024 supervacuum
1146 985 1248 1015 esse
1294 970 1483 1014 videtur
1529 970 1589 1014 de
1635 968 1853 1023 Scaligeri
1901 969 2173 1015 Baehrensii

461 1066 727 1112 Housmani
760 1066 978 1119 Postgatii
1009 1064 1335 1110 conaminibus
1366 1064 1467 1109 fuse
1484 1064 1736 1116 disputare.
1755 1064 1830 1109 De
1847 1079 2031 1109 summa
2047 1063 2173 1108 enim

458 1176 510 1206 re
541 1177 649 1206 cum
666 1161 885 1206 Vahleno
902 1169 996 1212 sto:
1013 1161 1165 1205 dicam
1183 1168 1377 1211 tantum,
1394 1159 1565 1213 quibus
1581 1159 1723 1204 rebus
1739 1159 1798 1204 ab
1815 1174 1873 1204 eo
1889 1159 2173 1204 dissentiam.

459 1257 770 1309 Imperativus
806 1255 1073 1301 reddite
1104 1252 1200 1313 (vs.
1247 1252 1331 1312 25)
1377 1269 1564 1308 semper
1610 1255 1723 1299 viris
1770 1254 1919 1299 doctis
1960 1263 2173 1308 magnam

459 1350 773 1396 difficultatem
805 1350 1041 1404 praebuit;
1073 1364 1341 1403 quemnam,
1374 1364 1539 1394 omnes
1570 1349 1800 1402 inquiunt,
1833 1349 1908 1394 hic
1925 1348 2176 1401 alloquitur

460 1444 768 1499 Propertius?
799 1446 1044 1490 Vahlenus
1076 1444 1187 1489 novi
1219 1444 1333 1498 quid
1350 1444 1652 1498 excogitavit:
1671 1445 1820 1489 undas
1840 1443 2175 1496 marisapoeta

458 1540 729 1593 compellari
760 1540 967 1585 affirmat.
1000 1540 1080 1584 Ad
1113 1554 1244 1584 suam
1277 1540 1548 1592 opinionem
1575 1539 1898 1584 stabiliendam
1947 1547 2175 1583 memorat

459 1644 618 1688 poetas
666 1635 857 1680 Latinos
902 1650 1042 1688 saepe
1088 1635 1366 1688 imperativo
1413 1635 1493 1687 uti,
1539 1650 1647 1680 cum
1680 1649 1775 1679 non
1813 1634 2001 1686 addant,
2032 1648 2174 1687 quem

459 1731 765 1784 alloquantur,
797 1730 999 1783 citatque
1028 1729 1205 1783 aliquot
1236 1730 1386 1774 locos:

460 1840 519 1870 ex
551 1824 767 1876 Horatio,
799 1823 858 1869 C.
893 1823 962 1868 111
995 1823 1066 1868 26.
1098 1823 1152 1868 6:
1184 1824 1275 1875 hic,
1307 1824 1383 1868 hic
1414 1824 1573 1876 ponite
1605 1823 1759 1868 lucida

1113 1918 1286 1963 funalia

461 2029 520 2059 ex
550 2012 764 2058 Tibullo:
896 2013 956 2064 11,
985 2012 1027 2065 3,
1060 2011 1143 2057 79:
1177 2013 1373 2058 Ducite:
1406 2014 1464 2057 ad
1498 2013 1748 2066 imperium
1782 2012 2001 2057 dominae
2032 2013 2176 2058 sulca-

1178 2108 1333 2153 bimus
1364 2117 1497 2161 agros

462 2218 521 2248 ex
553 2203 756 2248 Ovidio:
903 2202 1103 2248 Heroid.
1136 2202 1177 2247 5.
1228 2202 1337 2247 119:
1385 2204 1499 2248 dum
1562 2203 1682 2255 licet,
1730 2204 1982 2248 obscenam
2031 2212 2176 2257 ponto

1384 2298 1641 2351 demergite
1672 2298 1883 2351 puppim,

903 2394 1103 2439 Heroid.
1137 2394 1178 2438 7.
1254 2393 1338 2438 69:
1371 2394 1530 2446 „Quid
1564 2394 1676 2438 tanti
1708 2392 1811 2437 est?
1838 2401 1986 2437 totum
2005 2392 2176 2444 merui;

1379 2488 1652 2534 concedite’'
1684 2488 1824 2533 dicas.

461 2582 553 2628 Sed
602 2585 661 2628 de
706 2584 779 2628 his
825 2584 939 2629 locis
985 2584 1247 2637 ceterisque
1294 2584 1505 2629 eiusdem
1553 2583 1750 2637 generis,
1782 2598 1901 2636 quos
1932 2582 2178 2628 Vahlenus

462 2678 583 2730 citat,
615 2678 859 2723 verissime
890 2678 1109 2723 observat
1126 2678 1240 2723 Otto
1258 2676 1612 2736 (Versumstell.
1632 2679 1653 2722 I
1671 2693 1716 2730 p.
1733 2675 1830 2736 21);
1850 2678 1973 2730 „Die
1990 2677 2177 2728 Stellen,

463 2787 522 2817 an
570 2773 781 2817 welchen
828 2773 918 2817 wie
965 2773 1068 2817 hier
1114 2774 1199 2818 der
1247 2773 1501 2825 Imperativ
1532 2774 1657 2817 ohne
1690 2772 1950 2826 beigeffigte
1982 2771 2178 2816 Anrede

463 2875 639 2920 gesetzt
668 2867 740 2919 ist,
771 2867 1135 2912 unterscheiden
1167 2867 1267 2912 sich
1299 2867 1572 2912 wesentlich
1604 2882 1699 2912 von
1717 2868 1811 2912 den
1828 2866 2177 2920 vorliegenden.

466 2961 521 3005 In
552 2961 674 3005 allen
720 2961 902 3005 richten
949 2961 1048 3005 sich
1092 2961 1169 3005 die
1201 2961 1485 3014 Imperative
1518 2962 1760 3006 entweder
1791 2961 1855 3005 im
1887 2961 2176 3013 algemeinen

466 3069 524 3099 an
571 3055 648 3099 die
694 3055 975 3106 Menschen,
1006 3052 1124 3111 (wie
1156 3055 1203 3099 in
1235 3069 1281 3098 v.
1314 3052 1398 3111 29)
1429 3055 1546 3099 oder
1575 3069 1634 3098 an
1667 3054 1946 3106 bestimmte,
1979 3054 2062 3098 mit
2094 3055 2180 3099 der

467 3149 582 3193 betr.
614 3148 839 3194 Situation
870 3149 918 3193 in
950 3158 1093 3202 enger
1127 3149 1400 3201 Beziehung
1430 3149 1657 3193 stehende
1691 3148 1975 3193 Personen”.

467 3241 570 3287 Cur
615 3243 770 3286 undae
816 3242 1107 3294 potissimum
1154 3242 1480 3294 intelligendae
1527 3242 1631 3293 sint,
1678 3257 1737 3286 ex
1783 3242 1910 3286 nulla
1939 3257 1992 3286 re
2029 3251 2179 3294 patet;

467 3350 575 3380 nam
617 3351 736 3390 quos
766 3337 856 3381 hoc
887 3336 992 3381 loco
1022 3337 1282 3389 alloquatur
1313 3335 1458 3380 Poeta
1488 3337 1732 3389 explorare
1764 3336 1940 3381 nemini
1972 3351 2178 3390 unquam

468 3431 656 3484 contigit
686 3439 794 3476 ante
825 3431 1109 3476 Vahlenum.

2039 3513 2085 3550 15
