2566 3886
1136 266 1191 272 —
1224 239 1400 286 226-

478 369 640 416 Credo
687 386 764 416 me
811 370 903 416 iam
935 372 1281 417 demonstrasse
1312 387 1373 417 ne
1403 372 1674 418 Vahlenum
1707 372 1899 427 quidem
1931 372 2194 426 imperativi

478 482 616 512 usum
648 466 912 512 absolutum
945 467 1179 520 explicare
1211 483 1362 520 posse.

474 562 656 608 Versus
673 561 849 607 25—28
865 571 1022 607 autem
1040 578 1100 608 ne
1117 578 1145 607 a
1161 563 1465 617 sequentibus
1476 572 1751 615 separentur
1763 571 1923 608 monet
1934 571 2192 608 contextus.

476 657 731 712 Postquam
763 673 832 703 vs.
864 657 922 703 28
954 658 1095 703 dixit:

713 762 758 798 et
801 753 1025 798 audaci
1069 762 1119 798 tu
1150 753 1290 799 timor
1321 768 1423 799 esse
1454 763 1601 808 potes,

474 848 650 902 optime
704 850 1017 894 adnectuntur
1063 849 1283 903 querelae
1330 850 1390 894 de
1436 849 1630 894 audacia
1675 849 1920 894 hominum
1967 850 2084 895 mari
2141 865 2192 896 se

473 944 879 990 committentium.
926 943 1205 998 Transpone
1251 953 1406 990 autem
1453 959 1562 990 cum
1608 943 1785 990 Ottone
1815 959 1982 990 versus
2016 944 2189 991 13—16

474 1048 578 1092 post
609 1039 666 1085 24
698 1049 744 1085 et
774 1040 933 1085 omnia
964 1040 1086 1086 bene
1119 1040 1394 1093 procedunt.

478 1135 660 1180 Versus
709 1134 882 1180 19—22
921 1151 948 1180 a
979 1135 1215 1189 plerisque
1247 1135 1360 1180 viris
1390 1134 1540 1179 doctis
1572 1134 1692 1179 male
1724 1134 2031 1188 explicantur,
2062 1136 2190 1189 quod

469 1231 635 1282 effecit,
682 1239 733 1276 ut
779 1231 1041 1285 Postgatius
1087 1229 1162 1289 (in
1201 1231 1310 1276 edit.
1345 1228 1485 1288 1894)
1518 1238 1564 1275 et
1595 1229 1824 1275 Nairnius
1844 1228 1885 1288 ¹)
1916 1245 1997 1275 eos
2029 1230 2188 1276 delere

474 1326 662 1370 vellent.

476 1420 797 1466 Rothsteinius
844 1436 925 1466 eos
971 1436 1137 1466 versus
1184 1421 1249 1465 sic
1296 1420 1519 1474 explicat:
1567 1419 1800 1474 Argynno
1846 1421 2008 1466 saltem
2051 1435 2189 1466 suum

472 1517 774 1570 sepulchrum
821 1531 938 1569 esse,
985 1516 1181 1561 Paetum
1228 1515 1513 1568 insepultum
1561 1530 1715 1560 escam
1763 1515 1968 1568 piscibus
2014 1524 2188 1561 natare.

473 1612 584 1657 Hoc
612 1621 767 1657 tamen
799 1612 887 1657 sibi
919 1613 1042 1657 velle
1073 1612 1221 1657 verba
1252 1612 1485 1664 Propertii
1517 1627 1613 1657 non
1645 1612 1781 1657 facile
1813 1612 2017 1656 credam.

473 1707 650 1753 Melius
682 1707 947 1752 Vahlenus:
981 1707 1167 1759 „Wenn
1185 1721 1235 1751 es
1251 1707 1417 1752 heisst:
1441 1715 1548 1752 sunt
1563 1706 1961 1760 Agamemnonias
1976 1705 2189 1751 testantia

471 1803 605 1848 litora
657 1818 807 1855 curas,
860 1817 912 1847 so
965 1802 1113 1847 sollen
1166 1801 1244 1847 die
1298 1801 1434 1854 Ufer,
1476 1801 1567 1847 wie
1614 1801 1681 1847 sie
1726 1802 1803 1847 fiir
1833 1802 2187 1855 Agamemnons

469 1897 696 1943 Schmerz
741 1908 937 1952 mugen,
985 1897 1199 1951 zugleioh
1246 1898 1343 1942 und
1381 1898 1593 1942 dadurch
1625 1897 1854 1951 Zeugniss
1885 1897 2079 1950 ablegen
2109 1896 2188 1941 fiir

469 1993 546 2038 die
563 1993 746 2038 Gefahr
762 1994 846 2038 des
863 1992 1076 2038 Wassers
1094 1993 1203 2037 dem
1221 1991 1463 2037 Niemand
1480 1992 1735 2046 ungestraft
1751 1991 1858 2037 zich
1871 1991 2184 2036 anvertrauf'.

469 2087 560 2133 Sed
593 2088 870 2134 Athenaeus
901 2089 1039 2141 XIII,
1071 2087 1192 2134 603d
1225 2088 1360 2133 nobis
1392 2088 1531 2134 tradit
1563 2087 1811 2134 Clemente
1859 2087 2185 2133 Alexandrino

467 2181 727 2242 (Protrept.
781 2182 866 2242 34)
918 2193 964 2229 et
1011 2183 1248 2236 Stephano
1303 2183 1418 2236 Byz.
1473 2181 1587 2241 (sub
1634 2180 1780 2241 voce)
1826 2182 2184 2228 assentientibus

466 2279 749 2332 Argynnum
782 2294 877 2324 non
910 2279 957 2324 in
990 2279 1106 2324 mari
1124 2280 1206 2324 sed
1227 2279 1275 2324 in
1293 2278 1526 2331 Cephisso
1542 2278 1735 2323 flumine
1752 2292 1854 2323 esse
1870 2277 2183 2323 submersum.

469 2373 555 2419 Me
572 2374 709 2427 igitur
724 2359 880 2419 iudice
895 2389 1061 2419 versus
1077 2389 1104 2419 a
1121 2382 1259 2427 poeta
1274 2373 1418 2418 additi
1432 2381 1553 2425 sunt,
1570 2381 1620 2417 ut
1636 2373 1854 2424 exemplo
1870 2371 2183 2426 mythologice

467 2470 735 2514 ostenderet
751 2469 926 2514 undam
944 2468 1118 2514 habere
1136 2469 1251 2513 deos
1267 2467 1579 2513 inexorabiles
1592 2464 1648 2525 ⁹).
1671 2466 1879 2512 Versum
1891 2466 1948 2511 22
1961 2475 2182 2520 corrupte

465 2579 568 2609 esse
591 2564 812 2609 traditum
834 2564 932 2608 fere
955 2578 1121 2609 omnes
1138 2563 1448 2609 consentiunt.
1463 2562 1536 2607 Ex
1549 2561 1828 2607 coniecturis
1842 2561 2181 2607 recentioribus

463 2660 555 2705 cito
586 2660 688 2704 has:

568 2769 689 2809 quae
706 2763 833 2799 notat
849 2754 1134 2807 Argynnum
1152 2768 1305 2806 poena
1320 2753 1539 2798 minantis
1554 2767 1702 2807 aquae
1719 2749 1874 2809 (Otto,
1888 2750 2034 2804 H.23,
2042 2766 2087 2805 p.
2096 2749 2180 2810 42)

567 2865 687 2904 quae
734 2858 861 2894 notat
897 2849 1169 2903 Argynnus‚
1207 2849 1382 2902 praeda
1418 2848 1641 2893 morantis
1681 2862 1830 2901 aquae
1860 2845 2178 2905 (Thompsom

464 2945 570 2991 CR.
601 2945 715 2997 XII,
747 2960 792 2998 p.
824 2942 939 3002 407)

465 3040 701 3095 Equidem
733 3054 973 3093 propono:

579 3150 701 3188 quae
732 3143 860 3180 notat
891 3134 1163 3187 Argynnus,
1195 3134 1370 3186 praeda
1400 3132 1618 3177 minantis
1649 3147 1811 3186 aquae.

378 3373 408 3419 ¹)
459 3376 579 3411 Class.
608 3377 699 3411 Rev.
726 3375 813 3409 XIII
839 3387 872 3415 p.
898 3374 978 3409 393.

374 3444 409 3490 ¹)
460 3444 524 3483 Sic
552 3447 647 3482 Otto
672 3443 901 3489 (Versum-t.
926 3446 942 3479 1
969 3457 1001 3485 p.
1030 3441 1103 3487 19).
