2566 3886
315 888 387 934 22.

1106 278 1371 324 —145—

451 411 735 460 iuverint
767 411 844 464 N;
876 411 1128 466 capiant
1156 410 1267 456 DV.
1301 410 1575 456 Lectionem
1608 410 1705 456 DV
1747 410 1917 456 iniuria
1961 410 2165 465 praefert

449 507 774 553 Baehrensius.
822 506 950 552 Cum
997 506 1282 552 iuverint
1326 505 1546 550 vitiosum
1590 520 1692 550 esse
1724 515 1926 551 metrum
1959 506 2163 558 doceret,

449 602 692 648 iuerint
737 610 894 647 autem
937 601 1086 646 rarior
1129 601 1282 646 forma
1327 609 1462 653 esset,
1494 615 1636 653 quam
1669 610 1719 646 ut
1749 616 1777 646 a
1807 600 2006 646 librariis
2032 615 2165 654 repo-

448 706 653 749 neretur,
684 696 954 742 coniecere:
999 711 1026 741 c
1037 711 1064 741 a
1076 711 1108 749 p
1120 695 1135 741 i
1146 710 1174 741 a
1189 711 1220 741 n
1233 704 1264 741 t.

450 887 597 934 Furta
635 886 806 940 pudiea
846 886 949 931 tori.
988 885 1171 930 Locum
1202 885 1264 930 ita
1295 885 1494 938 explico,
1526 893 1577 930 ut
1610 884 1931 930 Rothsteinius
1962 885 2010 930 in
2042 900 2166 930 com-

451 982 694 1028 mentario.

450 1171 684 1217 Ultimum
706 1169 925 1214 carminis
941 1169 1172 1215 distichon
1193 1169 1404 1222 spurium
1422 1169 1588 1222 habeo,
1606 1179 1861 1223 praeeunte
1879 1170 2106 1219 Fischero
2126 1168 2167 1229 1)

449 1265 553 1325 (De
583 1265 697 1311 locis
727 1264 946 1317 quibusd.
979 1263 1120 1317 Prop.
1155 1263 1268 1310 1863
1300 1279 1345 1317 p.
1378 1261 1476 1322 31),
1507 1265 1588 1318 qui
1615 1274 1959 1319 pentametrum
1987 1275 2166 1311 tantum

451 1363 611 1408 delere
653 1359 854 1406 volebat.
899 1358 1081 1404 Versus
1122 1359 1327 1412 primum
1371 1360 1627 1405 admodum
1670 1360 1813 1406 ieiuni
1857 1369 1979 1413 sunt,
2011 1376 2167 1415 neque

451 1451 767 1497 correctiones
797 1454 1049 1506 quicquam
1082 1454 1239 1499 auxilii
1271 1454 1483 1500 afferunt.

452 1547 724 1593 Baehrensii
756 1549 1051 1594 coniectura:

600 1644 765 1690 stultus
817 1644 1013 1690 liberam
1065 1645 1154 1690 erit
1199 1645 1238 1690 si
1283 1644 1389 1698 quis
1435 1659 1592 1690 amare
1639 1645 1767 1690 volet

450 1746 614 1783 contra
642 1746 790 1784 artem
822 1738 1016 1792 logicam
1048 1747 1243 1792 pugnat;

452 1832 551 1878 Birt
581 1833 826 1887 proponit:

450 1927 567 1972 viles
598 1927 718 1973 liber
748 1928 836 1973 erit
866 1928 904 1973 si
932 1929 1038 1982 quis
1068 1943 1226 1974 amare
1258 1929 1385 1974 volet

452 2021 566 2068 Otto
596 2020 692 2081 (H.
724 2022 782 2068 23
813 2039 858 2077 p.
890 2022 988 2082 35).

450 2117 617 2162 multas
648 2117 768 2162 liber
797 2119 884 2163 erit
915 2118 953 2163 si
985 2119 1090 2172 quis
1120 2133 1278 2164 amare
1309 2118 1449 2163 volet.

449 2209 541 2256 Sed
565 2221 730 2258 neutra
751 2213 1018 2258 emendatio
1043 2214 1158 2259 mihi
1181 2214 1345 2267 placet,
1368 2222 1618 2267 propterea
1639 2214 1767 2266 quod
1784 2215 1964 2267 primus
1980 2215 2165 2261 distichi

450 2320 615 2351 versus
647 2306 739 2351 iam
771 2307 979 2360 impedit,
1011 2308 1264 2361 quominus
1309 2308 1558 2361 quisquam
1589 2323 1751 2354 amans
1782 2309 1901 2354 liber
1932 2310 2002 2354 sit.
2035 2309 2163 2355 Nam

448 2400 562 2453 quid
595 2416 680 2445 nos
711 2402 911 2455 cogitare
942 2403 1062 2455 cogit
1093 2403 1321 2448 amanti
1353 2404 1414 2448 de
1435 2418 1493 2448 eo
1516 2403 1597 2456 qui
1623 2403 1670 2448 in
1694 2419 1787 2448 una
1810 2412 1987 2449 tantum
2010 2404 2166 2457 puella

448 2496 631 2548 deperit
675 2496 934 2542 adhibitum
981 2496 1124 2542 esse?
1185 2497 1334 2550 Nihil,
1380 2498 1562 2551 opinor.
1610 2497 1844 2543 Sentimus
1891 2499 2028 2551 igitur
2070 2499 2162 2543 iam

445 2598 787 2643 pentametrum
805 2591 906 2636 sine
920 2592 1066 2637 dubio
1083 2601 1351 2646 suspectum
1375 2608 1491 2646 esse,
1523 2594 1607 2638 sed
1638 2593 1675 2638 si
1707 2593 1755 2638 id
1787 2608 1978 2647 quoque
2009 2594 2162 2639 nobis-

444 2699 553 2730 cum
599 2694 870 2739 reputamus
914 2696 1125 2732 nostrum
1157 2702 1347 2733 carmen
1379 2688 1427 2733 in
1456 2688 1698 2733 codicibus
1728 2703 1756 2733 a
1786 2689 1999 2741 sequenti
2041 2689 2162 2733 male

449 2780 710 2826 seiunctum
752 2781 854 2834 legi,
898 2781 1048 2826 statim
1096 2782 1406 2836 intelligimus,
1451 2783 1565 2835 quid
1606 2783 1780 2828 factum
1807 2783 1877 2827 sit.
1907 2783 2159 2836 Postquam

450 2889 561 2920 casu
605 2877 810 2928 quodam
852 2874 926 2934 (in
973 2877 1060 2922 hac
1106 2891 1158 2922 re
1189 2877 1376 2922 codices
1409 2877 1702 2931 Propertiani
1729 2878 1844 2922 nihil
1875 2878 2159 2923 auctoritatis

447 2969 623 3014 habere
665 2971 835 3015 iterum
876 2971 1142 3025 iterumque
1173 2971 1447 3031 monemus)
1478 2973 1574 3017 duo
1605 2972 1826 3025 carmina,
1858 2987 1979 3025 quae
2011 2972 2159 3017 dividi

449 3073 708 3117 nequeunt,
725 3075 935 3118 separata
951 3075 1072 3118 sunt,
1088 3066 1229 3111 finem
1244 3067 1412 3119 prioris
1428 3068 1592 3112 deesse
1614 3066 1850 3119 putabant.
1870 3066 1944 3110 En
1961 3066 2158 3119 depren-

448 3159 603 3204 dimus
619 3159 998 3212 interpolatorem
1015 3160 1063 3205 in
1086 3161 1223 3206 novis
1249 3161 1465 3206 versibus
1496 3161 1752 3215 pangendis
1783 3176 1878 3206 non
1911 3161 1973 3206 ita
2003 3176 2157 3207 versa-

448 3261 549 3298 tum
581 3268 816 3307 sensuque
847 3255 1031 3307 poetico
1055 3256 1192 3308 plane
1211 3264 1462 3301 carentem.
1480 3255 1655 3308 Quieto
1677 3255 1814 3308 igitur
1835 3255 1992 3300 animo
2009 3264 2157 3301 totum

450 3348 682 3394 distichon
699 3364 727 3394 e
743 3358 872 3395 textu
890 3350 1196 3403 Propertiano
1218 3350 1453 3396 eiciamus.
1481 3350 1692 3395 Transeo
1715 3365 1842 3395 nunc
1873 3350 1931 3395 ad
1964 3350 2155 3403 elegiam

380 3454 398 3501 )
447 3468 531 3492 eum
557 3464 758 3498 oequuntur
784 3458 826 3492 L.
852 3458 1014 3493 Mueller
1039 3466 1077 3493 et
1103 3458 1164 3494 Fr.
1191 3459 1327 3494 Pleni·
1352 3449 1511 3502 (Etuden
1536 3460 1619 3494 crit.
1646 3471 1679 3500 p.
1708 3459 1800 3501 1³5).

2013 3527 2061 3564 10
