2566 3886
1122 243 1388 290 —312—

574 374 749 419 Silvani
781 390 964 419 ramosa
995 376 1178 427 domus,
1210 390 1305 428 quo
1337 375 1486 419 dulcis
1519 374 1577 419 ab
1609 383 1738 419 aestu

651 469 802 513 fistula
833 477 1023 522 poturas
1055 469 1123 514 ire
1156 469 1346 514 iubebat
1377 469 1493 514 ovis.

580 565 690 609 hinc
722 563 924 617 Tarpeia
956 565 1072 609 deae
1105 565 1280 609 fontem
1314 564 1500 609 libavit:
1533 573 1578 609 at
1609 564 1674 609 illi

655 659 846 713 urgebat
879 659 1087 704 medium
1119 660 1275 705 fictilis
1307 674 1426 704 urna
1456 668 1609 712 caput.

581 754 698 799 vidit
729 754 971 799 harenosis
1004 753 1192 799 Tatium
1225 754 1478 806 proludere
1510 754 1687 806 campis

1198 864 1295 902 eqs.

463 945 719 997 Quomodo
767 944 1051 989 vocabulum
1085 959 1131 988 m
1149 959 1178 988 o
1198 959 1228 988 n
1247 958 1268 987 s
1299 943 1346 988 in
1378 943 1441 987 fo
1459 959 1490 987 n
1508 958 1529 987 s
1561 951 1835 996 corruptum
1860 943 1930 996 sit,
1962 952 2180 998 apparet:

464 1039 669 1092 primum
718 1039 843 1084 enim
881 1054 991 1084 casu
1029 1039 1235 1092 quodam
1269 1039 1333 1083 illi
1364 1053 1531 1083 versus
1563 1037 1680 1083 3—6
1711 1038 1816 1084 loco
1847 1038 2043 1091 pristino
2073 1047 2182 1084 sunt

464 1136 592 1188 moti,
624 1144 723 1180 tum
755 1133 1147 1192 παραδιορθώσει
1176 1134 1201 1178 f
1211 1149 1240 1179 o
1257 1142 1359 1179 nte
1377 1149 1424 1178 m
1457 1133 1660 1179 correxit
1685 1133 1902 1178 librarius
1921 1132 2184 1187 diligentior

464 1247 606 1286 quam
639 1231 863 1276 callidior.
897 1231 1097 1275 Protulit
1127 1239 1284 1275 tamen
1317 1229 1391 1274 vir
1423 1228 1719 1274 doctissimus
1752 1227 1867 1274 Otto
1883 1226 2182 1286 (Comment.

466 1327 513 1371 in
560 1328 670 1371 hon.
719 1325 1095 1371 Reifferscheidii
1142 1342 1187 1379 p.
1237 1322 1319 1383 18)
1367 1333 1530 1369 contra
1575 1325 1696 1369 hanc
1737 1324 2010 1369 Baehrensii
2041 1332 2185 1369 trans·

467 1423 745 1475 positionem
762 1430 1102 1475 argumentum,
1117 1421 1246 1473 quod
1263 1420 1417 1473 primo
1434 1428 1624 1473 aspectu
1641 1419 1960 1464 firmissimum
1977 1418 2185 1470 videtur;

467 1518 620 1563 citabo
662 1518 806 1571 ipsius
838 1518 1009 1562 verba:
1043 1517 1134 1569 „V.
1167 1516 1193 1560 7
1227 1517 1481 1561 verfindert
1511 1513 1794 1573 (Baehrens)
1826 1514 2070 1559 fontem
2103 1513 2187 1557 mit

470 1612 699 1658 Heinsius
731 1613 779 1657 in
812 1621 1083 1657 montem
1116 1612 1214 1656 und
1246 1611 1342 1655 will
1374 1611 1598 1655 darunter
1628 1610 1872 1663 iedenialls
1898 1610 1981 1654 das
1998 1607 2186 1661 Capitol

471 1708 756 1753 verstanden
803 1707 989 1752 wissen.
1044 1707 1109 1751 Ist
1161 1706 1275 1751 aber
1318 1706 1367 1750 in
1411 1706 1521 1750 dem
1568 1703 2015 1758 Anfangsdistichon
2058 1702 2188 1747 eines

470 1804 643 1857 Berges
690 1802 926 1856 gedacht?
973 1800 1405 1855 Augenscheinlich
1451 1797 1518 1858 (l)
1565 1800 1707 1852 nicht,
1740 1799 1946 1844 sondern
1979 1813 2071 1843 nur
2103 1798 2187 1843 des

471 1899 792 1952 Tarpeischen
842 1898 1038 1949 Haines,
1083 1898 1167 1941 des
1200 1896 1385 1941 Grabes
1417 1896 1503 1940 der
1533 1893 1736 1948 Tarpeia
1767 1894 1865 1939 und
1897 1894 1981 1938 des
2012 1892 2189 1939 Wohn-

473 1995 612 2039 sitzes
659 1994 743 2038 des
773 1993 973 2045 Jupiter,
1007 1993 1092 2036 der
1124 1991 1400 2044 eigentliche
1433 1990 1515 2035 Be
1533 1999 1600 2043 rg
1630 1989 1750 2034 wird
1782 1989 1912 2033 nicht
1941 1988 2188 2041 genannt''.

474 2089 566 2135 Sed
626 2089 950 2142 unusquisque
1008 2086 1240 2140 Propertii
1301 2085 1522 2138 aequalis,
1584 2084 1664 2138 qui
1720 2085 1781 2129 de
1837 2083 2191 2128 liminibus

474 2185 743 2237 antiqui
776 2180 1026 2241 Iovis¹)
1051 2180 1545 2236 legebat,intelligebat
1576 2179 1936 2233 Tarpeium
1967 2193 2191 2224 saxum

475 2280 741 2334 significari;
764 2280 801 2324 si
819 2280 955 2332 igitur
971 2287 1109 2332 poeta
1140 2277 1354 2330 sequenti
1386 2291 1528 2321 versu
1563 2274 1795 2320 vocabulo
1826 2290 1873 2318 m
1891 2289 2003 2319 ons
2034 2273 2192 2324 utitur,

475 2376 586 2420 inde
623 2390 718 2420 non
756 2374 979 2428 sequitur,
1023 2382 1073 2418 ut
1104 2373 1258 2426 ipsum
1290 2373 1380 2417 hoc
1412 2371 1691 2416 vocabulum
1724 2370 1771 2414 in
1804 2367 2193 2422 praecedentibus

477 2486 667 2524 quoque
704 2470 792 2523 legi
824 2484 1017 2514 necesse
1049 2468 1119 2512 sit.
1154 2468 1306 2512 Immo
1337 2467 1428 2511 hoc
1460 2481 1555 2510 non
1588 2465 1809 2519 elegantis
1839 2464 2026 2509 artificis
2057 2471 2192 2508 esset.

479 2567 639 2610 Liceat
677 2580 804 2609 nunc
851 2563 964 2608 mihi
1007 2563 1067 2607 de
1099 2561 1266 2607 ceteris
1297 2560 1657 2612 difficultatibus,
1695 2559 1867 2612 quibus
1898 2558 2193 2612 prooemium

478 2670 690 2706 nostrum
723 2660 914 2711 laborat,
946 2673 1095 2711 pauca
1125 2657 1376 2709 disputare.

480 2757 694 2802 Primum
742 2754 868 2799 enim
916 2754 990 2798 vir
1036 2754 1093 2797 cl.
1142 2752 1434 2797 Hartmanus
1482 2750 1720 2803 perspexit
1751 2764 1943 2795 versum
1978 2749 2000 2794 1
2034 2749 2194 2802 inepto

482 2853 597 2897 vitio
643 2850 902 2905 inquinari:
945 2865 1053 2894 nam
1085 2864 1194 2893 cum
1226 2837 1377 2901 poeta,
1409 2855 1655 2900 postquam
1687 2845 1907 2897 narravit,
1939 2845 2088 2897 qualis
2118 2845 2195 2890 ad-

482 2956 668 3001 spectus
717 2954 839 2991 esset
884 2944 1232 2998 antiquissimae
1269 2943 1464 2995 Romae,
1496 2957 1546 2987 se
1577 2942 1636 2986 ad
1669 2941 1955 2986 narrandum
1986 2939 2195 2993 accingit,

482 3058 672 3088 narrare
704 3042 866 3094 incipit
896 3042 957 3086 de
989 3055 1198 3091 nemore,
1230 3038 1311 3084 ubi
1343 3037 1546 3090 Tarpeia
1576 3036 1781 3090 primum
1805 3035 2008 3080 hostium
2026 3035 2197 3079 ducem

483 3139 614 3190 vidit,
656 3146 801 3190 utque
842 3151 1003 3181 amore
1034 3144 1168 3188 capta
1198 3134 1366 3179 urbem
1398 3148 1530 3178 suam
1562 3133 1764 3186 prodere
1796 3131 2031 3175 decernat.
2064 3129 2197 3174 Num

484 3234 620 3288 igitur
651 3242 799 3278 totum
832 3247 1022 3276 carmen
1055 3231 1115 3275 de
1147 3244 1358 3275 memore
1390 3228 1469 3273 illo
1500 3227 1591 3282 agit
1621 3235 1667 3272 et
1695 3241 1791 3279 quo
1808 3226 1909 3270 iure
1925 3233 2062 3278 poeta
2078 3225 2199 3269 hanc

487 3330 652 3374 silvam
685 3328 970 3381 „Tarpeium
1004 3326 1200 3371 nemus‘’
1218 3323 1392 3370 vocat?
1409 3323 1484 3369 Sic
1501 3324 1599 3368 fere
1616 3322 1819 3374 disputat
1843 3320 2134 3365 Hartmanus
2150 3319 2198 3363 in

402 3449 432 3495 ¹)
481 3451 645 3492 „antiqui
671 3450 799 3484 limina
826 3456 932 3490 capta
957 3449 1080 3484 lovis”
1106 3449 1203 3482 idem
1232 3454 1316 3481 aunt
1341 3454 1450 3488 atque
1477 3457 1594 3486 mons,
1619 3446 1665 3479 de
1692 3454 1763 3485 quo
1789 3453 1898 3477 versu
1924 3441 1969 3475 9³
1987 3451 2109 3475 sermo
2131 3447 2198 3474 est.
