<?xml version="1.0" encoding="UTF-8"?>
<!DOCTYPE html PUBLIC "-//W3C//DTD XHTML 1.0 Transitional//EN"
    "http://www.w3.org/TR/xhtml1/DTD/xhtml1-transitional.dtd">
<html xmlns="http://www.w3.org/1999/xhtml" xml:lang="en" lang="en">
 <head>
  <title>
</title>
<meta http-equiv="Content-Type" content="text/html;charset=utf-8" />
  <meta name='ocr-system' content='tesseract 3.04.00' />
  <meta name='ocr-capabilities' content='ocr_page ocr_carea ocr_par ocr_line ocrx_word'/>
</head>
<body>
  <div class='ocr_page' id='page_1' title='image "./adpropertiicarmi00enkpuoft_0266.png"; bbox 0 0 2566 3886; ppageno 0'>
   <div class='ocr_carea' id='block_1_1' title="bbox 321 2084 390 2129">
    <p class='ocr_par' dir='ltr' id='par_1_1' title="bbox 321 2084 390 2129">
     <span class='ocr_line' id='line_1_1' title="bbox 321 2084 390 2129; baseline 0.014 -1"><span class='ocrx_word' id='word_1_1' title='bbox 321 2084 390 2129; x_wconf 86' lang='lat'><strong>10.</strong></span> 
     </span>
    </p>
   </div>
   <div class='ocr_carea' id='block_1_2' title="bbox 1116 242 1382 288">
    <p class='ocr_par' dir='ltr' id='par_1_2' title="bbox 1116 242 1382 288">
     <span class='ocr_line' id='line_1_2' title="bbox 1116 242 1382 288; baseline 0.004 -1"><span class='ocrx_word' id='word_1_2' title='bbox 1116 266 1173 273; x_wconf 91' lang='lat'><strong>——</strong></span> <span class='ocrx_word' id='word_1_3' title='bbox 1206 242 1382 288; x_wconf 88' lang='lat'><strong>250—-</strong></span> 
     </span>
    </p>
   </div>
   <div class='ocr_carea' id='block_1_3' title="bbox 455 371 2172 798">
    <p class='ocr_par' dir='ltr' id='par_1_3' title="bbox 455 371 2172 798">
     <span class='ocr_line' id='line_1_3' title="bbox 609 371 1745 428; baseline 0.003 -13"><span class='ocrx_word' id='word_1_4' title='bbox 609 371 860 416; x_wconf 91' lang='lat' dir='ltr'><strong>cinnamon</strong></span> <span class='ocrx_word' id='word_1_5' title='bbox 893 379 939 416; x_wconf 89' lang='lat' dir='ltr'><strong>et</strong></span> <span class='ocrx_word' id='word_1_6' title='bbox 970 371 1102 416; x_wconf 90' lang='lat' dir='ltr'><strong>multi</strong></span> <span class='ocrx_word' id='word_1_7' title='bbox 1134 380 1297 417; x_wconf 88' lang='lat' dir='ltr'><strong>coston</strong></span> <span class='ocrx_word' id='word_1_8' title='bbox 1317 371 1352 428; x_wconf 87' lang='lat'><strong>1)</strong></span> <span class='ocrx_word' id='word_1_9' title='bbox 1385 372 1543 418; x_wconf 91' lang='lat' dir='ltr'><strong>odoris</strong></span> <span class='ocrx_word' id='word_1_10' title='bbox 1574 372 1745 425; x_wconf 82' lang='lat' dir='ltr'><strong>Arabs,</strong></span> 
     </span>
     <span class='ocr_line' id='line_1_4' title="bbox 455 465 2172 520; baseline 0.002 -10"><span class='ocrx_word' id='word_1_11' title='bbox 455 467 512 511; x_wconf 72' lang='lat' dir='ltr'><strong>cf.</strong></span> <span class='ocrx_word' id='word_1_12' title='bbox 547 466 669 511; x_wconf 90' lang='lat' dir='ltr'><strong>Hor.</strong></span> <span class='ocrx_word' id='word_1_13' title='bbox 702 465 863 511; x_wconf 86' lang='lat' dir='ltr'><strong>Carm.</strong></span> <span class='ocrx_word' id='word_1_14' title='bbox 897 466 983 511; x_wconf 91' lang='lat' dir='ltr'><strong>III.</strong></span> <span class='ocrx_word' id='word_1_15' title='bbox 1019 467 1057 511; x_wconf 95' lang='lat' dir='ltr'><strong>l.</strong></span> <span class='ocrx_word' id='word_1_16' title='bbox 1091 467 1162 519; x_wconf 89' lang='lat'><strong>44,</strong></span> <span class='ocrx_word' id='word_1_17' title='bbox 1195 467 1274 512; x_wconf 92' lang='lat' dir='ltr'><strong>ubi</strong></span> <span class='ocrx_word' id='word_1_18' title='bbox 1307 482 1382 512; x_wconf 90' lang='lat' dir='ltr'><strong>res</strong></span> <span class='ocrx_word' id='word_1_19' title='bbox 1414 467 1774 520; x_wconf 82' lang='lat' dir='ltr'>pretiosissimae</span> <span class='ocrx_word' id='word_1_20' title='bbox 1813 477 2172 515; x_wconf 78' lang='lat' dir='ltr'><strong>enumerantur:</strong></span> 
     </span>
     <span class='ocr_line' id='line_1_5' title="bbox 607 562 1601 616; baseline 0.002 -10"><span class='ocrx_word' id='word_1_21' title='bbox 607 562 735 615; x_wconf 90' lang='lat' dir='ltr'><strong>quod</strong></span> <span class='ocrx_word' id='word_1_22' title='bbox 768 562 806 606; x_wconf 93' lang='lat' dir='ltr'><strong>si</strong></span> <span class='ocrx_word' id='word_1_23' title='bbox 837 563 1076 607; x_wconf 85' lang='lat' dir='ltr'><strong>dolentem</strong></span> <span class='ocrx_word' id='word_1_24' title='bbox 1109 577 1197 607; x_wconf 91' lang='lat' dir='ltr'><strong>nec</strong></span> <span class='ocrx_word' id='word_1_25' title='bbox 1230 563 1461 616; x_wconf 82' lang='lat' dir='ltr'><strong>Phrygius</strong></span> <span class='ocrx_word' id='word_1_26' title='bbox 1485 563 1601 616; x_wconf 88' lang='lat' dir='ltr'><strong>lap&#39;is</strong></span> 
     </span>
     <span class='ocr_line' id='line_1_6' title="bbox 607 657 1429 710; baseline 0.001 -9"><span class='ocrx_word' id='word_1_27' title='bbox 607 672 696 702; x_wconf 90' lang='lat' dir='ltr'><strong>nec</strong></span> <span class='ocrx_word' id='word_1_28' title='bbox 727 672 1042 710; x_wconf 90' lang='lat' dir='ltr'><strong>purpurarum</strong></span> <span class='ocrx_word' id='word_1_29' title='bbox 1074 657 1229 702; x_wconf 89' lang='lat' dir='ltr'><strong>sidere</strong></span> <span class='ocrx_word' id='word_1_30' title='bbox 1260 657 1429 702; x_wconf 89' lang='lat' dir='ltr'><strong>clarior</strong></span> 
     </span>
     <span class='ocr_line' id='line_1_7' title="bbox 667 752 1340 798; baseline 0.001 -1"><span class='ocrx_word' id='word_1_31' title='bbox 667 752 844 798; x_wconf 89' lang='lat' dir='ltr'><strong>delenit</strong></span> <span class='ocrx_word' id='word_1_32' title='bbox 874 768 985 798; x_wconf 92' lang='lat' dir='ltr'><strong>usus</strong></span> <span class='ocrx_word' id='word_1_33' title='bbox 1017 768 1105 798; x_wconf 91' lang='lat' dir='ltr'><strong>nec</strong></span> <span class='ocrx_word' id='word_1_34' title='bbox 1138 753 1340 798; x_wconf 83' lang='lat' dir='ltr'><strong>Falerna</strong></span> 
     </span>
    </p>
   </div>
   <div class='ocr_carea' id='block_1_4' title="bbox 724 847 1640 902">
    <p class='ocr_par' dir='ltr' id='par_1_4' title="bbox 724 847 1640 902">
     <span class='ocr_line' id='line_1_8' title="bbox 724 847 1640 902; baseline 0 -10"><span class='ocrx_word' id='word_1_35' title='bbox 724 847 831 893; x_wconf 89' lang='lat' dir='ltr'><strong>vitis</strong></span> <span class='ocrx_word' id='word_1_36' title='bbox 862 847 1337 902; x_wconf 81' lang='lat' dir='ltr'><strong>Achaemeniumque</strong></span> <span class='ocrx_word' id='word_1_37' title='bbox 1369 863 1395 894; x_wconf 95' lang='lat' dir='ltr'><strong>c</strong></span> <span class='ocrx_word' id='word_1_38' title='bbox 1411 863 1441 893; x_wconf 96' lang='lat' dir='ltr'><strong>o</strong></span> <span class='ocrx_word' id='word_1_39' title='bbox 1458 863 1479 893; x_wconf 92' lang='lat' dir='ltr'><strong>s</strong></span> <span class='ocrx_word' id='word_1_40' title='bbox 1495 857 1513 893; x_wconf 90' lang='lat' dir='ltr'><strong>t</strong></span> <span class='ocrx_word' id='word_1_41' title='bbox 1529 864 1560 894; x_wconf 93' lang='lat' dir='ltr'><strong>u</strong></span> <span class='ocrx_word' id='word_1_42' title='bbox 1578 863 1640 893; x_wconf 93' lang='lat' dir='ltr'><strong>m.</strong></span> 
     </span>
    </p>
   </div>
   <div class='ocr_carea' id='block_1_5' title="bbox 452 1037 2173 1855">
    <p class='ocr_par' dir='ltr' id='par_1_5' title="bbox 456 1037 1860 1091">
     <span class='ocr_line' id='line_1_9' title="bbox 456 1037 1860 1091; baseline 0 -8"><span class='ocrx_word' id='word_1_43' title='bbox 456 1039 573 1084; x_wconf 88' lang='lat' dir='ltr'><strong>haec</strong></span> <span class='ocrx_word' id='word_1_44' title='bbox 604 1038 744 1084; x_wconf 89' lang='lat' dir='ltr'><strong>etiam</strong></span> <span class='ocrx_word' id='word_1_45' title='bbox 791 1039 1055 1084; x_wconf 88' lang='lat' dir='ltr'><strong>clausas</strong></span> <span class='ocrx_word' id='word_1_46' title='bbox 1102 1046 1371 1091; x_wconf 81' lang='lat' dir='ltr'><strong>expugnant</strong></span> <span class='ocrx_word' id='word_1_47' title='bbox 1401 1053 1531 1083; x_wconf 89' lang='lat' dir='ltr'><strong>arma</strong></span> <span class='ocrx_word' id='word_1_48' title='bbox 1577 1037 1860 1091; x_wconf 89' lang='lat' dir='ltr'><strong>pudicas</strong></span> 
     </span>
    </p>

    <p class='ocr_par' dir='ltr' id='par_1_6' title="bbox 452 1132 2173 1855">
     <span class='ocr_line' id='line_1_10' title="bbox 455 1132 2173 1189; baseline 0.001 -11"><span class='ocrx_word' id='word_1_49' title='bbox 455 1133 604 1179; x_wconf 87' lang='lat' dir='ltr'><strong>Recte</strong></span> <span class='ocrx_word' id='word_1_50' title='bbox 638 1134 693 1179; x_wconf 89' lang='lat' dir='ltr'><strong>L.</strong></span> <span class='ocrx_word' id='word_1_51' title='bbox 726 1133 991 1179; x_wconf 90' lang='lat' dir='ltr'><strong>Muellerus</strong></span> <span class='ocrx_word' id='word_1_52' title='bbox 1010 1132 1073 1189; x_wconf 75' lang='grc' dir='ltr'><strong>2)ε</strong></span> <span class='ocrx_word' id='word_1_53' title='bbox 1106 1133 1173 1186; x_wconf 91' lang='lat' dir='ltr'><strong>„si</strong></span> <span class='ocrx_word' id='word_1_54' title='bbox 1204 1133 1404 1187; x_wconf 86' lang='lat' dir='ltr'><strong>pudicae</strong></span> <span class='ocrx_word' id='word_1_55' title='bbox 1435 1134 1634 1187; x_wconf 90' lang='lat' dir='ltr'><strong>puellae,</strong></span> <span class='ocrx_word' id='word_1_56' title='bbox 1666 1149 1751 1180; x_wconf 87' lang='lat' dir='ltr'><strong>cur</strong></span> <span class='ocrx_word' id='word_1_57' title='bbox 1767 1133 1991 1179; x_wconf 77' lang='lat' dir='ltr'><strong>clausae?</strong></span> <span class='ocrx_word' id='word_1_58' title='bbox 2023 1134 2173 1179; x_wconf 91' lang='lat' dir='ltr'><strong>sinon</strong></span> 
     </span>
     <span class='ocr_line' id='line_1_11' title="bbox 454 1228 2124 1281; baseline 0.001 -8"><span class='ocrx_word' id='word_1_59' title='bbox 454 1228 669 1281; x_wconf 87' lang='lat' dir='ltr'><strong>pudicae,</strong></span> <span class='ocrx_word' id='word_1_60' title='bbox 701 1228 936 1280; x_wconf 91' lang='lat' dir='ltr'><strong>omnibus,</strong></span> <span class='ocrx_word' id='word_1_61' title='bbox 968 1237 1019 1273; x_wconf 90' lang='lat' dir='ltr'><strong>ut</strong></span> <span class='ocrx_word' id='word_1_62' title='bbox 1049 1228 1111 1273; x_wconf 88' lang='lat' dir='ltr'><strong>ait</strong></span> <span class='ocrx_word' id='word_1_63' title='bbox 1144 1228 1362 1281; x_wconf 90' lang='lat' dir='ltr'><strong>Ovidius,</strong></span> <span class='ocrx_word' id='word_1_64' title='bbox 1394 1229 1595 1274; x_wconf 83' lang='lat' dir='ltr'><strong>exclusis</strong></span> <span class='ocrx_word' id='word_1_65' title='bbox 1626 1229 1750 1274; x_wconf 92' lang='lat' dir='ltr'><strong>intus</strong></span> <span class='ocrx_word' id='word_1_66' title='bbox 1782 1229 1963 1274; x_wconf 81' lang='lat' dir='ltr'><strong>adulter</strong></span> <span class='ocrx_word' id='word_1_67' title='bbox 1993 1229 2124 1274; x_wconf 76' lang='lat' dir='ltr'><strong>erit-’⁹</strong></span> 
     </span>
     <span class='ocr_line' id='line_1_12' title="bbox 455 1323 2173 1378; baseline 0.001 -10"><span class='ocrx_word' id='word_1_68' title='bbox 455 1323 728 1368; x_wconf 84' lang='lat' dir='ltr'><strong>Marklandi</strong></span> <span class='ocrx_word' id='word_1_69' title='bbox 781 1323 1099 1368; x_wconf 87' lang='lat' dir='ltr'><strong>coniecturam</strong></span> <span class='ocrx_word' id='word_1_70' title='bbox 1152 1338 1183 1376; x_wconf 88' lang='lat' dir='ltr'>p</span> <span class='ocrx_word' id='word_1_71' title='bbox 1200 1339 1231 1368; x_wconf 95' lang='lat' dir='ltr'><strong>u</strong></span> <span class='ocrx_word' id='word_1_72' title='bbox 1249 1324 1306 1368; x_wconf 95' lang='lat' dir='ltr'><strong>el</strong></span> <span class='ocrx_word' id='word_1_73' title='bbox 1324 1324 1383 1368; x_wconf 91' lang='lat' dir='ltr'><strong>la</strong></span> <span class='ocrx_word' id='word_1_74' title='bbox 1399 1338 1434 1376; x_wconf 91' lang='lat' dir='ltr'><strong>s,</strong></span> <span class='ocrx_word' id='word_1_75' title='bbox 1488 1339 1629 1378; x_wconf 90' lang='lat' dir='ltr'><strong>quam</strong></span> <span class='ocrx_word' id='word_1_76' title='bbox 1678 1323 1936 1377; x_wconf 81' lang='lat' dir='ltr'><strong>Postgatius</strong></span> <span class='ocrx_word' id='word_1_77' title='bbox 1982 1323 2173 1378; x_wconf 87' lang='lat' dir='ltr'><strong>recepit,</strong></span> 
     </span>
     <span class='ocr_line' id='line_1_13' title="bbox 457 1417 2173 1473; baseline 0 -10"><span class='ocrx_word' id='word_1_78' title='bbox 457 1417 694 1463; x_wconf 87' lang='lat' dir='ltr'><strong>Lucianus</strong></span> <span class='ocrx_word' id='word_1_79' title='bbox 727 1418 991 1463; x_wconf 90' lang='lat' dir='ltr'><strong>Muellerus</strong></span> <span class='ocrx_word' id='word_1_80' title='bbox 1022 1418 1125 1463; x_wconf 93' lang='lat' dir='ltr'><strong>iure</strong></span> <span class='ocrx_word' id='word_1_81' title='bbox 1156 1418 1347 1471; x_wconf 89' lang='lat' dir='ltr'><strong>spernit,</strong></span> <span class='ocrx_word' id='word_1_82' title='bbox 1379 1420 1507 1472; x_wconf 90' lang='lat' dir='ltr'><strong>quod</strong></span> <span class='ocrx_word' id='word_1_83' title='bbox 1539 1419 1599 1463; x_wconf 94' lang='lat' dir='ltr'><strong>de</strong></span> <span class='ocrx_word' id='word_1_84' title='bbox 1632 1418 1686 1464; x_wconf 90' lang='lat' dir='ltr'><strong>iis</strong></span> <span class='ocrx_word' id='word_1_85' title='bbox 1718 1433 1839 1473; x_wconf 87' lang='lat' dir='ltr'><strong>quae</strong></span> <span class='ocrx_word' id='word_1_86' title='bbox 1871 1427 2037 1471; x_wconf 91' lang='lat' dir='ltr'><strong>sponte</strong></span> <span class='ocrx_word' id='word_1_87' title='bbox 2067 1433 2173 1472; x_wconf 90' lang='lat' dir='ltr'><strong>pec-</strong></span> 
     </span>
     <span class='ocr_line' id='line_1_14' title="bbox 453 1513 2173 1567; baseline 0.001 -10"><span class='ocrx_word' id='word_1_88' title='bbox 453 1521 573 1564; x_wconf 88' lang='lat' dir='ltr'><strong>cant,</strong></span> <span class='ocrx_word' id='word_1_89' title='bbox 605 1521 703 1558; x_wconf 89' lang='lat' dir='ltr'><strong>toto</strong></span> <span class='ocrx_word' id='word_1_90' title='bbox 734 1514 824 1558; x_wconf 92' lang='lat' dir='ltr'><strong>hoc</strong></span> <span class='ocrx_word' id='word_1_91' title='bbox 856 1513 961 1558; x_wconf 94' lang='lat' dir='ltr'><strong>loco</strong></span> <span class='ocrx_word' id='word_1_92' title='bbox 991 1521 1163 1566; x_wconf 77' lang='lat' dir='ltr'><strong>agatur.</strong></span> <span class='ocrx_word' id='word_1_93' title='bbox 1197 1513 1342 1564; x_wconf 90' lang='lat' dir='ltr'><strong>Quod</strong></span> <span class='ocrx_word' id='word_1_94' title='bbox 1371 1513 1470 1566; x_wconf 89' lang='lat' dir='ltr'><strong>ipse</strong></span> <span class='ocrx_word' id='word_1_95' title='bbox 1495 1513 1716 1567; x_wconf 86' lang='lat' dir='ltr'><strong>proponit</strong></span> <span class='ocrx_word' id='word_1_96' title='bbox 1746 1529 1778 1558; x_wconf 88' lang='grc' dir='ltr'><strong>ιι</strong></span> <span class='ocrx_word' id='word_1_97' title='bbox 1794 1529 1826 1566; x_wconf 86' lang='lat' dir='ltr'>y</span> <span class='ocrx_word' id='word_1_98' title='bbox 1842 1529 1890 1558; x_wconf 91' lang='lat' dir='ltr'><strong>m</strong></span> <span class='ocrx_word' id='word_1_99' title='bbox 1907 1529 1938 1566; x_wconf 91' lang='lat' dir='ltr'><strong>p</strong></span> <span class='ocrx_word' id='word_1_100' title='bbox 1954 1514 1987 1558; x_wconf 91' lang='lat' dir='ltr'><strong>h</strong></span> <span class='ocrx_word' id='word_1_101' title='bbox 2002 1528 2030 1558; x_wconf 86' lang='lat' dir='ltr'><strong>a</strong></span> <span class='ocrx_word' id='word_1_102' title='bbox 2045 1528 2067 1558; x_wconf 93' lang='lat' dir='ltr'><strong>s</strong></span> <span class='ocrx_word' id='word_1_103' title='bbox 2113 1529 2173 1559; x_wconf 88' lang='lat' dir='ltr'><strong>ex</strong></span> 
     </span>
     <span class='ocr_line' id='line_1_15' title="bbox 453 1606 1985 1662; baseline 0.001 -11"><span class='ocrx_word' id='word_1_104' title='bbox 453 1623 484 1652; x_wconf 91' lang='lat' dir='ltr'><strong>n</strong></span> <span class='ocrx_word' id='word_1_105' title='bbox 502 1607 517 1652; x_wconf 90' lang='lat' dir='ltr'><strong>i</strong></span> <span class='ocrx_word' id='word_1_106' title='bbox 533 1607 558 1651; x_wconf 89' lang='lat' dir='ltr'>f</span> <span class='ocrx_word' id='word_1_107' title='bbox 568 1622 687 1660; x_wconf 85' lang='lat' dir='ltr'><strong>eas,</strong></span> <span class='ocrx_word' id='word_1_108' title='bbox 719 1607 848 1661; x_wconf 88' lang='lat' dir='ltr'><strong>quod</strong></span> <span class='ocrx_word' id='word_1_109' title='bbox 880 1607 928 1652; x_wconf 92' lang='lat' dir='ltr'><strong>in</strong></span> <span class='ocrx_word' id='word_1_110' title='bbox 961 1606 1011 1652; x_wconf 92' lang='lat' dir='ltr'>N</span> <span class='ocrx_word' id='word_1_111' title='bbox 1044 1608 1474 1662; x_wconf 89' lang='lat' dir='ltr'><strong>superadscriptum</strong></span> <span class='ocrx_word' id='word_1_112' title='bbox 1506 1608 1788 1660; x_wconf 90' lang='lat' dir='ltr'><strong>invenimus,</strong></span> <span class='ocrx_word' id='word_1_113' title='bbox 1820 1609 1985 1661; x_wconf 87' lang='lat' dir='ltr'><strong>placet.</strong></span> 
     </span>
     <span class='ocr_line' id='line_1_16' title="bbox 453 1701 2172 1761; baseline 0.001 -14"><span class='ocrx_word' id='word_1_114' title='bbox 453 1702 654 1755; x_wconf 86' lang='lat' dir='ltr'><strong>Propter</strong></span> <span class='ocrx_word' id='word_1_115' title='bbox 691 1718 883 1748; x_wconf 89' lang='lat' dir='ltr'><strong>versum</strong></span> <span class='ocrx_word' id='word_1_116' title='bbox 922 1702 979 1747; x_wconf 90' lang='lat'><strong>24</strong></span> <span class='ocrx_word' id='word_1_117' title='bbox 1017 1712 1174 1748; x_wconf 84' lang='lat' dir='ltr'><strong>autem</strong></span> <span class='ocrx_word' id='word_1_118' title='bbox 1212 1702 1369 1748; x_wconf 88' lang='lat' dir='ltr'><strong>malim</strong></span> <span class='ocrx_word' id='word_1_119' title='bbox 1402 1717 1511 1748; x_wconf 90' lang='lat' dir='ltr'><strong>cum</strong></span> <span class='ocrx_word' id='word_1_120' title='bbox 1545 1702 1827 1749; x_wconf 86' lang='lat' dir='ltr'><strong>Housmano</strong></span> <span class='ocrx_word' id='word_1_121' title='bbox 1858 1701 2002 1761; x_wconf 90' lang='lat' dir='ltr'><strong>(JPh.</strong></span> <span class='ocrx_word' id='word_1_122' title='bbox 2033 1703 2172 1756; x_wconf 87' lang='lat' dir='ltr'><strong>XVI,</strong></span> 
     </span>
     <span class='ocr_line' id='line_1_17' title="bbox 452 1796 825 1855; baseline 0.003 -13"><span class='ocrx_word' id='word_1_123' title='bbox 452 1813 497 1851; x_wconf 88' lang='lat' dir='ltr'><strong>p.</strong></span> <span class='ocrx_word' id='word_1_124' title='bbox 533 1796 615 1855; x_wconf 93' lang='lat'><strong>10)</strong></span> <span class='ocrx_word' id='word_1_125' title='bbox 646 1798 825 1852; x_wconf 80' lang='lat' dir='ltr'><strong>legere:</strong></span> 
     </span>
    </p>
   </div>
   <div class='ocr_carea' id='block_1_6' title="bbox 603 1893 1841 1957">
    <p class='ocr_par' dir='ltr' id='par_1_7' title="bbox 603 1893 1841 1957">
     <span class='ocr_line' id='line_1_18' title="bbox 603 1893 1841 1957; baseline 0 -18"><span class='ocrx_word' id='word_1_126' title='bbox 603 1895 720 1940; x_wconf 89' lang='lat' dir='ltr'><strong>haec</strong></span> <span class='ocrx_word' id='word_1_127' title='bbox 751 1893 890 1939; x_wconf 88' lang='lat' dir='ltr'><strong>etiam</strong></span> <span class='ocrx_word' id='word_1_128' title='bbox 925 1894 1145 1939; x_wconf 87' lang='lat' dir='ltr'><strong>Euadnas</strong></span> <span class='ocrx_word' id='word_1_129' title='bbox 1176 1902 1444 1948; x_wconf 79' lang='lat' dir='ltr'><strong>expugnant</strong></span> <span class='ocrx_word' id='word_1_130' title='bbox 1474 1909 1604 1939; x_wconf 91' lang='lat' dir='ltr'><strong>arma</strong></span> <span class='ocrx_word' id='word_1_131' title='bbox 1634 1893 1841 1957; x_wconf 86' lang='lat' dir='ltr'><strong>pudicas.</strong></span> 
     </span>
    </p>
   </div>
   <div class='ocr_carea' id='block_1_7' title="bbox 448 2084 2168 3091">
    <p class='ocr_par' dir='ltr' id='par_1_8' title="bbox 452 2084 1430 2138">
     <span class='ocr_line' id='line_1_19' title="bbox 452 2084 1430 2138; baseline -0.001 -8"><span class='ocrx_word' id='word_1_132' title='bbox 452 2100 670 2138; x_wconf 85' lang='lat' dir='ltr'><strong>quaeque</strong></span> <span class='ocrx_word' id='word_1_133' title='bbox 701 2093 858 2130; x_wconf 89' lang='lat' dir='ltr'><strong>terunt</strong></span> <span class='ocrx_word' id='word_1_134' title='bbox 888 2085 1047 2137; x_wconf 90' lang='lat' dir='ltr'><strong>fastus,</strong></span> <span class='ocrx_word' id='word_1_135' title='bbox 1081 2084 1280 2137; x_wconf 76' lang='lat' dir='ltr'><strong>Icariofi,</strong></span> <span class='ocrx_word' id='word_1_136' title='bbox 1312 2093 1430 2130; x_wconf 91' lang='lat' dir='ltr'><strong>tuos.</strong></span> 
     </span>
    </p>

    <p class='ocr_par' dir='ltr' id='par_1_9' title="bbox 448 2179 2168 3091">
     <span class='ocr_line' id='line_1_20' title="bbox 454 2179 2168 2232; baseline -0.001 -7"><span class='ocrx_word' id='word_1_137' title='bbox 454 2180 775 2226; x_wconf 89' lang='lat' dir='ltr'><strong>Rohtsteinius</strong></span> <span class='ocrx_word' id='word_1_138' title='bbox 806 2181 989 2226; x_wconf 90' lang='lat' dir='ltr'><strong>terendi</strong></span> <span class='ocrx_word' id='word_1_139' title='bbox 1022 2181 1223 2226; x_wconf 89' lang='lat' dir='ltr'><strong>verbum</strong></span> <span class='ocrx_word' id='word_1_140' title='bbox 1242 2181 1498 2226; x_wconf 79' lang='lat' dir='ltr'><strong>defendere</strong></span> <span class='ocrx_word' id='word_1_141' title='bbox 1515 2189 1711 2225; x_wconf 89' lang='lat' dir='ltr'><strong>conatur</strong></span> <span class='ocrx_word' id='word_1_142' title='bbox 1730 2181 1817 2225; x_wconf 88' lang='lat' dir='ltr'><strong>hac</strong></span> <span class='ocrx_word' id='word_1_143' title='bbox 1834 2179 2168 2232; x_wconf 87' lang='lat' dir='ltr'><strong>explicatione:</strong></span> 
     </span>
     <span class='ocr_line' id='line_1_21' title="bbox 453 2272 2168 2333; baseline -0.001 -13"><span class='ocrx_word' id='word_1_144' title='bbox 453 2277 633 2328; x_wconf 89' lang='lat' dir='ltr'><strong>„durch</strong></span> <span class='ocrx_word' id='word_1_145' title='bbox 664 2284 847 2320; x_wconf 90' lang='lat' dir='ltr'><strong>terere</strong></span> <span class='ocrx_word' id='word_1_146' title='bbox 869 2272 1043 2333; x_wconf 87' lang='lat' dir='ltr'><strong>(wird)</strong></span> <span class='ocrx_word' id='word_1_147' title='bbox 1065 2276 1152 2320; x_wconf 89' lang='lat' dir='ltr'><strong>der</strong></span> <span class='ocrx_word' id='word_1_148' title='bbox 1175 2275 1306 2320; x_wconf 88' lang='lat' dir='ltr'><strong>Eifer</strong></span> <span class='ocrx_word' id='word_1_149' title='bbox 1329 2275 1619 2328; x_wconf 80' lang='lat' dir='ltr'><strong>angedeutet,</strong></span> <span class='ocrx_word' id='word_1_150' title='bbox 1643 2275 1727 2319; x_wconf 90' lang='lat' dir='ltr'><strong>mit</strong></span> <span class='ocrx_word' id='word_1_151' title='bbox 1742 2275 1852 2320; x_wconf 91' lang='lat' dir='ltr'><strong>dem</strong></span> <span class='ocrx_word' id='word_1_152' title='bbox 1869 2275 1946 2319; x_wconf 93' lang='lat' dir='ltr'><strong>die</strong></span> <span class='ocrx_word' id='word_1_153' title='bbox 1963 2274 2168 2327; x_wconf 85' lang='lat' dir='ltr'><strong>Frauen,</strong></span> 
     </span>
     <span class='ocr_line' id='line_1_22' title="bbox 452 2368 2168 2424; baseline 0 -9"><span class='ocrx_word' id='word_1_154' title='bbox 452 2371 529 2416; x_wconf 89' lang='lat' dir='ltr'><strong>die</strong></span> <span class='ocrx_word' id='word_1_155' title='bbox 561 2371 646 2415; x_wconf 93' lang='lat' dir='ltr'><strong>der</strong></span> <span class='ocrx_word' id='word_1_156' title='bbox 678 2370 876 2415; x_wconf 91' lang='lat' dir='ltr'><strong>Dichter</strong></span> <span class='ocrx_word' id='word_1_157' title='bbox 907 2371 1007 2415; x_wconf 92' lang='lat' dir='ltr'><strong>sich</strong></span> <span class='ocrx_word' id='word_1_158' title='bbox 1037 2371 1261 2422; x_wconf 88' lang='lat' dir='ltr'><strong>vorstellt‚</strong></span> <span class='ocrx_word' id='word_1_159' title='bbox 1294 2370 1371 2414; x_wconf 90' lang='lat' dir='ltr'><strong>die</strong></span> <span class='ocrx_word' id='word_1_160' title='bbox 1403 2368 1698 2424; x_wconf 69' lang='lat' dir='ltr'><strong>Sprfldigkeit</strong></span> <span class='ocrx_word' id='word_1_161' title='bbox 1728 2371 1814 2415; x_wconf 93' lang='lat' dir='ltr'><strong>der</strong></span> <span class='ocrx_word' id='word_1_162' title='bbox 1836 2370 2076 2424; x_wconf 92' lang='lat' dir='ltr'><strong>Penelope</strong></span> <span class='ocrx_word' id='word_1_163' title='bbox 2091 2369 2168 2415; x_wconf 94' lang='lat' dir='ltr'><strong>bei</strong></span> 
     </span>
     <span class='ocr_line' id='line_1_23' title="bbox 448 2465 2167 2519; baseline 0.001 -9"><span class='ocrx_word' id='word_1_164' title='bbox 448 2466 582 2519; x_wconf 85' lang='lat' dir='ltr'><strong>jeder</strong></span> <span class='ocrx_word' id='word_1_165' title='bbox 606 2465 917 2519; x_wconf 82' lang='lat' dir='ltr'><strong>Gelegenheit</strong></span> <span class='ocrx_word' id='word_1_166' title='bbox 939 2466 1296 2510; x_wconf 90' lang='lat' dir='ltr'><strong>nachzuahmen</strong></span> <span class='ocrx_word' id='word_1_167' title='bbox 1320 2466 1418 2510; x_wconf 91' lang='lat' dir='ltr'><strong>und</strong></span> <span class='ocrx_word' id='word_1_168' title='bbox 1441 2481 1503 2510; x_wconf 94' lang='lat' dir='ltr'><strong>zu</strong></span> <span class='ocrx_word' id='word_1_169' title='bbox 1525 2466 1803 2511; x_wconf 85' lang='lat' dir='ltr'><strong>iiberbieten</strong></span> <span class='ocrx_word' id='word_1_170' title='bbox 1827 2467 2020 2518; x_wconf 89' lang='lat' dir='ltr'><strong>suchen,</strong></span> <span class='ocrx_word' id='word_1_171' title='bbox 2042 2467 2167 2511; x_wconf 92' lang='lat' dir='ltr'><strong>ohne</strong></span> 
     </span>
     <span class='ocr_line' id='line_1_24' title="bbox 450 2561 2166 2614; baseline 0 -8"><span class='ocrx_word' id='word_1_172' title='bbox 450 2563 555 2606; x_wconf 88' lang='lat' dir='ltr'><strong>dass</strong></span> <span class='ocrx_word' id='word_1_173' title='bbox 602 2561 668 2606; x_wconf 92' lang='lat' dir='ltr'><strong>sie</strong></span> <span class='ocrx_word' id='word_1_174' title='bbox 712 2561 836 2606; x_wconf 93' lang='lat' dir='ltr'><strong>doch</strong></span> <span class='ocrx_word' id='word_1_175' title='bbox 886 2562 994 2606; x_wconf 90' lang='lat' dir='ltr'><strong>dem</strong></span> <span class='ocrx_word' id='word_1_176' title='bbox 1043 2561 1200 2606; x_wconf 91' lang='lat' dir='ltr'><strong>Golde</strong></span> <span class='ocrx_word' id='word_1_177' title='bbox 1247 2561 1514 2614; x_wconf 80' lang='lat' dir='ltr'><strong>gegeniiber</strong></span> <span class='ocrx_word' id='word_1_178' title='bbox 1560 2561 1703 2606; x_wconf 88' lang='lat' dir='ltr'><strong>Stand</strong></span> <span class='ocrx_word' id='word_1_179' title='bbox 1729 2562 1885 2606; x_wconf 89' lang='lat' dir='ltr'><strong>halten</strong></span> <span class='ocrx_word' id='word_1_180' title='bbox 1918 2562 2166 2614; x_wconf 70' lang='lat' dir='ltr'><strong>konnen”;</strong></span> 
     </span>
     <span class='ocr_line' id='line_1_25' title="bbox 449 2656 2167 2710; baseline 0 -8"><span class='ocrx_word' id='word_1_181' title='bbox 449 2658 565 2702; x_wconf 87' lang='lat' dir='ltr'><strong>haec</strong></span> <span class='ocrx_word' id='word_1_182' title='bbox 597 2657 844 2710; x_wconf 85' lang='lat' dir='ltr'><strong>explicatio</strong></span> <span class='ocrx_word' id='word_1_183' title='bbox 875 2665 1002 2702; x_wconf 89' lang='lat' dir='ltr'><strong>recte</strong></span> <span class='ocrx_word' id='word_1_184' title='bbox 1034 2671 1083 2701; x_wconf 92' lang='lat' dir='ltr'><strong>se</strong></span> <span class='ocrx_word' id='word_1_185' title='bbox 1115 2656 1322 2708; x_wconf 88' lang='lat' dir='ltr'><strong>haberet,</strong></span> <span class='ocrx_word' id='word_1_186' title='bbox 1355 2657 1392 2701; x_wconf 91' lang='lat' dir='ltr'><strong>si</strong></span> <span class='ocrx_word' id='word_1_187' title='bbox 1409 2672 1496 2710; x_wconf 90' lang='lat' dir='ltr'><strong>pro</strong></span> <span class='ocrx_word' id='word_1_188' title='bbox 1520 2657 1751 2702; x_wconf 89' lang='lat' dir='ltr'><strong>vocabulo</strong></span> <span class='ocrx_word' id='word_1_189' title='bbox 1782 2657 1840 2701; x_wconf 73' lang='lat' dir='ltr'><strong>fa</strong></span> <span class='ocrx_word' id='word_1_190' title='bbox 1856 2665 1954 2702; x_wconf 90' lang='lat' dir='ltr'><strong>stu</strong></span> <span class='ocrx_word' id='word_1_191' title='bbox 1972 2672 2013 2701; x_wconf 87' lang='lat' dir='ltr'><strong>s:</strong></span> <span class='ocrx_word' id='word_1_192' title='bbox 2046 2666 2074 2710; x_wconf 82' lang='lat' dir='ltr'>g</span> <span class='ocrx_word' id='word_1_193' title='bbox 2089 2658 2104 2701; x_wconf 95' lang='lat' dir='ltr'><strong>l</strong></span> <span class='ocrx_word' id='word_1_194' title='bbox 2121 2671 2167 2702; x_wconf 93' lang='lat' dir='ltr'><strong>o-</strong></span> 
     </span>
     <span class='ocr_line' id='line_1_26' title="bbox 449 2750 2166 2810; baseline 0.001 -13"><span class='ocrx_word' id='word_1_195' title='bbox 449 2769 473 2797; x_wconf 94' lang='lat' dir='ltr'><strong>r</strong></span> <span class='ocrx_word' id='word_1_196' title='bbox 489 2753 503 2798; x_wconf 91' lang='lat' dir='ltr'><strong>i</strong></span> <span class='ocrx_word' id='word_1_197' title='bbox 519 2768 546 2797; x_wconf 89' lang='lat' dir='ltr'><strong>a</strong></span> <span class='ocrx_word' id='word_1_198' title='bbox 565 2768 611 2797; x_wconf 92' lang='lat' dir='ltr'><strong>m</strong></span> <span class='ocrx_word' id='word_1_199' title='bbox 644 2753 919 2806; x_wconf 81' lang='lat' dir='ltr'><strong>legeremus.</strong></span> <span class='ocrx_word' id='word_1_200' title='bbox 939 2752 1126 2797; x_wconf 91' lang='lat' dir='ltr'><strong>Heinsii</strong></span> <span class='ocrx_word' id='word_1_201' title='bbox 1165 2752 1432 2797; x_wconf 84' lang='lat' dir='ltr'><strong>emendatio</strong></span> <span class='ocrx_word' id='word_1_202' title='bbox 1469 2752 1483 2796; x_wconf 91' lang='lat' dir='ltr'><strong>i</strong></span> <span class='ocrx_word' id='word_1_203' title='bbox 1501 2760 1518 2796; x_wconf 93' lang='lat' dir='ltr'><strong>t</strong></span> <span class='ocrx_word' id='word_1_204' title='bbox 1535 2767 1562 2797; x_wconf 93' lang='lat' dir='ltr'><strong>e</strong></span> <span class='ocrx_word' id='word_1_205' title='bbox 1579 2768 1603 2796; x_wconf 91' lang='lat' dir='ltr'><strong>r</strong></span> <span class='ocrx_word' id='word_1_206' title='bbox 1618 2767 1645 2796; x_wconf 88' lang='lat' dir='ltr'><strong>a</strong></span> <span class='ocrx_word' id='word_1_207' title='bbox 1661 2767 1692 2796; x_wconf 94' lang='lat' dir='ltr'><strong>n</strong></span> <span class='ocrx_word' id='word_1_208' title='bbox 1710 2761 1727 2796; x_wconf 91' lang='lat' dir='ltr'><strong>t</strong></span> <span class='ocrx_word' id='word_1_209' title='bbox 1765 2760 1920 2797; x_wconf 88' lang='lat' dir='ltr'><strong>autem</strong></span> <span class='ocrx_word' id='word_1_210' title='bbox 1953 2752 2106 2805; x_wconf 91' lang='lat' dir='ltr'><strong>potior</strong></span> <span class='ocrx_word' id='word_1_211' title='bbox 2123 2750 2166 2810; x_wconf 80' lang='lat'><strong>⁸)</strong></span> 
     </span>
     <span class='ocr_line' id='line_1_27' title="bbox 449 2846 2165 2901; baseline 0.001 -9"><span class='ocrx_word' id='word_1_212' title='bbox 449 2848 637 2892; x_wconf 90' lang='lat' dir='ltr'><strong>videtur</strong></span> <span class='ocrx_word' id='word_1_213' title='bbox 688 2862 829 2901; x_wconf 87' lang='lat' dir='ltr'><strong>quam</strong></span> <span class='ocrx_word' id='word_1_214' title='bbox 883 2846 1087 2900; x_wconf 88' lang='lat' dir='ltr'><strong>Scioppii</strong></span> <span class='ocrx_word' id='word_1_215' title='bbox 1146 2856 1173 2900; x_wconf 79' lang='lat' dir='ltr'><strong>g</strong></span> <span class='ocrx_word' id='word_1_216' title='bbox 1189 2862 1215 2891; x_wconf 94' lang='lat' dir='ltr'><strong>e</strong></span> <span class='ocrx_word' id='word_1_217' title='bbox 1233 2862 1300 2891; x_wconf 92' lang='lat' dir='ltr'><strong>ru</strong></span> <span class='ocrx_word' id='word_1_218' title='bbox 1321 2863 1351 2891; x_wconf 93' lang='lat' dir='ltr'><strong>n</strong></span> <span class='ocrx_word' id='word_1_219' title='bbox 1369 2855 1399 2898; x_wconf 93' lang='lat' dir='ltr'><strong>t,</strong></span> <span class='ocrx_word' id='word_1_220' title='bbox 1447 2863 1588 2901; x_wconf 89' lang='lat' dir='ltr'><strong>quam</strong></span> <span class='ocrx_word' id='word_1_221' title='bbox 1636 2856 1917 2901; x_wconf 89' lang='lat' dir='ltr'><strong>receperunt</strong></span> <span class='ocrx_word' id='word_1_222' title='bbox 1965 2848 2165 2900; x_wconf 86' lang='lat' dir='ltr'><strong>Paleyus</strong></span> 
     </span>
     <span class='ocr_line' id='line_1_28' title="bbox 451 2942 2165 2996; baseline 0.001 -9"><span class='ocrx_word' id='word_1_223' title='bbox 451 2943 763 2988; x_wconf 88' lang='lat' dir='ltr'><strong>Baehrensius</strong></span> <span class='ocrx_word' id='word_1_224' title='bbox 796 2942 1067 2996; x_wconf 80' lang='lat' dir='ltr'><strong>Postgatius.</strong></span> <span class='ocrx_word' id='word_1_225' title='bbox 1102 2943 1433 2988; x_wconf 86' lang='lat' dir='ltr'><strong>Lachmannus</strong></span> <span class='ocrx_word' id='word_1_226' title='bbox 1475 2944 1720 2989; x_wconf 86' lang='lat' dir='ltr'><strong>Vahlenus</strong></span> <span class='ocrx_word' id='word_1_227' title='bbox 1765 2953 1783 2988; x_wconf 90' lang='lat' dir='ltr'><strong>t</strong></span> <span class='ocrx_word' id='word_1_228' title='bbox 1799 2959 1826 2988; x_wconf 92' lang='lat' dir='ltr'><strong>e</strong></span> <span class='ocrx_word' id='word_1_229' title='bbox 1842 2959 1867 2988; x_wconf 92' lang='lat' dir='ltr'><strong>r</strong></span> <span class='ocrx_word' id='word_1_230' title='bbox 1882 2960 1913 2989; x_wconf 93' lang='lat' dir='ltr'><strong>u</strong></span> <span class='ocrx_word' id='word_1_231' title='bbox 1930 2959 1962 2988; x_wconf 92' lang='lat' dir='ltr'><strong>n</strong></span> <span class='ocrx_word' id='word_1_232' title='bbox 1978 2952 1996 2988; x_wconf 94' lang='lat' dir='ltr'><strong>t</strong></span> <span class='ocrx_word' id='word_1_233' title='bbox 2027 2944 2165 2989; x_wconf 90' lang='lat' dir='ltr'><strong>intac-</strong></span> 
     </span>
     <span class='ocr_line' id='line_1_29' title="bbox 449 3038 2164 3091; baseline 0.001 -9"><span class='ocrx_word' id='word_1_234' title='bbox 449 3047 548 3083; x_wconf 92' lang='lat' dir='ltr'><strong>tum</strong></span> <span class='ocrx_word' id='word_1_235' title='bbox 580 3038 880 3091; x_wconf 88' lang='lat' dir='ltr'><strong>relinquunt;</strong></span> <span class='ocrx_word' id='word_1_236' title='bbox 913 3038 1232 3083; x_wconf 89' lang='lat' dir='ltr'><strong>Phillimorius</strong></span> <span class='ocrx_word' id='word_1_237' title='bbox 1263 3038 1310 3083; x_wconf 90' lang='lat' dir='ltr'><strong>in</strong></span> <span class='ocrx_word' id='word_1_238' title='bbox 1349 3038 1555 3083; x_wconf 90' lang='lat' dir='ltr'><strong>editione</strong></span> <span class='ocrx_word' id='word_1_239' title='bbox 1592 3054 1676 3084; x_wconf 87' lang='lat' dir='ltr'><strong>sua</strong></span> <span class='ocrx_word' id='word_1_240' title='bbox 1721 3047 1867 3084; x_wconf 91' lang='lat' dir='ltr'><strong>teru</strong></span> <span class='ocrx_word' id='word_1_241' title='bbox 1885 3047 1951 3083; x_wconf 92' lang='lat' dir='ltr'><strong>nt</strong></span> <span class='ocrx_word' id='word_1_242' title='bbox 1995 3047 2164 3091; x_wconf 87' lang='lat' dir='ltr'><strong>servat,</strong></span> 
     </span>
    </p>
   </div>
   <div class='ocr_carea' id='block_1_8' title="bbox 448 3133 1752 3188">
    <p class='ocr_par' dir='ltr' id='par_1_10' title="bbox 448 3133 1752 3188">
     <span class='ocr_line' id='line_1_30' title="bbox 448 3133 1752 3188; baseline 0.001 -11"><span class='ocrx_word' id='word_1_243' title='bbox 448 3133 495 3177; x_wconf 90' lang='lat' dir='ltr'><strong>in</strong></span> <span class='ocrx_word' id='word_1_244' title='bbox 528 3133 747 3178; x_wconf 89' lang='lat' dir='ltr'><strong>versione</strong></span> <span class='ocrx_word' id='word_1_245' title='bbox 779 3133 979 3187; x_wconf 79' lang='lat' dir='ltr'><strong>Anglica</strong></span> <span class='ocrx_word' id='word_1_246' title='bbox 1024 3150 1054 3187; x_wconf 88' lang='lat' dir='ltr'>q</span> <span class='ocrx_word' id='word_1_247' title='bbox 1071 3149 1102 3179; x_wconf 93' lang='lat' dir='ltr'><strong>u</strong></span> <span class='ocrx_word' id='word_1_248' title='bbox 1118 3149 1146 3178; x_wconf 88' lang='lat' dir='ltr'><strong>a</strong></span> <span class='ocrx_word' id='word_1_249' title='bbox 1161 3149 1188 3179; x_wconf 94' lang='lat' dir='ltr'><strong>e</strong></span> <span class='ocrx_word' id='word_1_250' title='bbox 1235 3150 1265 3188; x_wconf 87' lang='lat' dir='ltr'>q</span> <span class='ocrx_word' id='word_1_251' title='bbox 1282 3150 1313 3179; x_wconf 94' lang='lat' dir='ltr'><strong>u</strong></span> <span class='ocrx_word' id='word_1_252' title='bbox 1331 3150 1358 3179; x_wconf 87' lang='lat' dir='ltr'><strong>a</strong></span> <span class='ocrx_word' id='word_1_253' title='bbox 1373 3143 1390 3178; x_wconf 94' lang='lat' dir='ltr'><strong>t</strong></span> <span class='ocrx_word' id='word_1_254' title='bbox 1407 3150 1433 3179; x_wconf 93' lang='lat' dir='ltr'><strong>e</strong></span> <span class='ocrx_word' id='word_1_255' title='bbox 1449 3150 1474 3178; x_wconf 93' lang='lat' dir='ltr'><strong>r</strong></span> <span class='ocrx_word' id='word_1_256' title='bbox 1489 3150 1516 3180; x_wconf 94' lang='lat' dir='ltr'><strong>e</strong></span> <span class='ocrx_word' id='word_1_257' title='bbox 1536 3150 1567 3179; x_wconf 93' lang='lat' dir='ltr'><strong>n</strong></span> <span class='ocrx_word' id='word_1_258' title='bbox 1583 3143 1601 3179; x_wconf 91' lang='lat' dir='ltr'><strong>t</strong></span> <span class='ocrx_word' id='word_1_259' title='bbox 1632 3134 1752 3188; x_wconf 78' lang='lat' dir='ltr'><strong>legit.</strong></span> 
     </span>
    </p>
   </div>
   <div class='ocr_carea' id='block_1_9' title="bbox 318 3259 600 3264">
    <p class='ocr_par' dir='ltr' id='par_1_11' title="bbox 318 3259 600 3264">
     <span class='ocr_line' id='line_1_31' title="bbox 318 3259 600 3264; baseline 0 0"><span class='ocrx_word' id='word_1_260' title='bbox 318 3259 600 3264; x_wconf 95' lang='lat' dir='ltr'><strong> </strong></span> 
     </span>
    </p>
   </div>
   <div class='ocr_carea' id='block_1_10' title="bbox 362 3316 1521 3481">
    <p class='ocr_par' dir='ltr' id='par_1_12' title="bbox 362 3316 1521 3481">
     <span class='ocr_line' id='line_1_32' title="bbox 362 3316 1521 3362; baseline 0.001 -9"><span class='ocrx_word' id='word_1_261' title='bbox 362 3316 393 3362; x_wconf 87' lang='lat'><strong>¹)</strong></span> <span class='ocrx_word' id='word_1_262' title='bbox 442 3319 553 3359; x_wconf 80' lang='lat' dir='ltr'><strong>Apud</strong></span> <span class='ocrx_word' id='word_1_263' title='bbox 583 3319 815 3359; x_wconf 83' lang='lat' dir='ltr'><strong>Propertium</strong></span> <span class='ocrx_word' id='word_1_264' title='bbox 842 3320 1063 3354; x_wconf 79' lang='lat' dir='ltr'><strong>vocabulum</strong></span> <span class='ocrx_word' id='word_1_265' title='bbox 1096 3320 1309 3354; x_wconf 85' lang='lat' dir='ltr'><strong>adhibetur:</strong></span> <span class='ocrx_word' id='word_1_266' title='bbox 1337 3320 1402 3354; x_wconf 86' lang='lat' dir='ltr'><strong>lv.</strong></span> <span class='ocrx_word' id='word_1_267' title='bbox 1428 3321 1462 3354; x_wconf 87' lang='lat'><strong>6.</strong></span> <span class='ocrx_word' id='word_1_268' title='bbox 1489 3321 1521 3355; x_wconf 90' lang='grc'><strong>5.</strong></span> 
     </span>
     <span class='ocr_line' id='line_1_33' title="bbox 362 3375 833 3421; baseline -0.004 -7"><span class='ocrx_word' id='word_1_269' title='bbox 362 3375 394 3421; x_wconf 84' lang='lat'><strong>²)</strong></span> <span class='ocrx_word' id='word_1_270' title='bbox 444 3375 606 3414; x_wconf 80' lang='lat' dir='ltr'><strong>Praesat.</strong></span> <span class='ocrx_word' id='word_1_271' title='bbox 633 3378 833 3412; x_wconf 88' lang='lat' dir='ltr'><strong>XXXVII.</strong></span> 
     </span>
     <span class='ocr_line' id='line_1_34' title="bbox 362 3435 1049 3481; baseline 0 -8"><span class='ocrx_word' id='word_1_272' title='bbox 362 3435 395 3481; x_wconf 83' lang='lat'><strong>⁸)</strong></span> <span class='ocrx_word' id='word_1_273' title='bbox 443 3435 595 3473; x_wconf 65' lang='lat' dir='ltr'><strong>Polme:</strong></span> <span class='ocrx_word' id='word_1_274' title='bbox 620 3449 764 3480; x_wconf 85' lang='lat' dir='ltr'><strong>quoque</strong></span> <span class='ocrx_word' id='word_1_275' title='bbox 790 3449 871 3472; x_wconf 83' lang='lat' dir='ltr'><strong>eam</strong></span> <span class='ocrx_word' id='word_1_276' title='bbox 899 3439 1049 3479; x_wconf 85' lang='lat' dir='ltr'><strong>recepit.</strong></span> 
     </span>
    </p>
   </div>
  </div>
 </body>
</html>
