2566 3886
1065 263 1332 310 -285—

413 396 587 452 Neque
631 397 719 442 hac
762 395 1071 450 explicatione
1102 403 1349 441 contentus
1380 409 1511 447 sum;
1544 395 1646 441 iure
1677 394 1804 440 enim
1836 403 1965 449 rogat
1996 395 2123 442 idem

414 492 684 546 Risbergius
715 490 786 550 (p.
818 489 926 549 47):
958 492 1226 545 „quomodo
1257 499 1437 543 poterat
1469 490 1741 544 Propertius
1772 490 1930 535 dicere
1952 491 2125 536 amoris

412 588 484 633 sui
515 587 722 633 furorem
754 587 949 632 verba
978 587 1008 632 i.
1022 602 1064 632 e.
1096 587 1211 632 nihil
1242 586 1359 639 veri,
1390 585 1596 638 speciem
1627 594 1807 631 tantum
1838 594 1978 640 atque
2006 587 2126 632 irau-

414 682 524 728 dem
554 682 713 735 fuisse,
744 697 853 727 cum
884 690 981 727 toto
1012 681 1170 727 animo
1188 690 1329 735 atque
1351 689 1509 726 mente
1532 695 1591 726 eo
1614 680 1872 726 diutissime
1893 680 2125 727 imbutum

415 792 519 823 esse
559 777 852 823 notissimum
895 786 1030 822 esset.
1074 777 1131 821 ci.
1163 790 1355 821 versum
1386 775 1468 829 qui
1499 775 1710 828 sequitur
1744 775 1822 820 132
1855 785 2127 830 „correptus

413 888 556 919 saevo
597 872 802 918 Veneris
843 872 1056 918 torrebar
1095 871 1259 916 aeno”.
1297 870 1430 922 Quas
1460 870 1522 915 ob
1554 884 1716 915 causas
1748 870 2020 925 Risbergius
2051 886 2128 917 ex-

416 967 634 1022 cogitavit
664 982 837 1013 novam
869 968 990 1013 hanc
1021 967 1112 1012 loci
1143 965 1399 1011 difficillimi
1427 966 1704 1011 lectionem:

567 1063 697 1116 quod
728 1062 842 1107 mihi
874 1077 969 1107 non
1002 1061 1136 1115 patrii
1167 1070 1382 1115 poterant
1411 1070 1626 1107 avertere
1656 1061 1809 1113 amici,

638 1157 798 1202 eluere
828 1166 906 1202 aut
937 1165 1068 1202 vasto
1099 1155 1324 1201 Thessala
1353 1164 1460 1209 saga
1490 1156 1621 1208 mari,

568 1253 845 1306 melego,
876 1266 972 1297 non
1002 1251 1130 1297 ferro
1161 1266 1257 1297 non
1289 1251 1394 1305 igne
1424 1260 1613 1296 coactus
1643 1260 1689 1296 et
1720 1251 1820 1304 ipsa

637 1346 885 1401 naufragus
916 1346 1107 1400 Aegaea
1136 1344 1278 1404 (vem
1308 1344 1513 1404 fatebor)
1544 1361 1679 1400 aqua,

419 1443 503 1488 sed
554 1442 648 1487 huc
700 1457 891 1496 prorsus
943 1456 1039 1488 non
1092 1442 1289 1496 quadrat
1353 1441 1726 1495 neglegendi
1790 1441 1991 1487 verbum
2046 1458 2132 1496 pro

419 1537 692 1595 omittere,
723 1537 958 1583 abicere.

423 1739 744 1786 Rothsteinius
789 1748 957 1792 putans
1000 1738 1130 1791 prius
1173 1738 1405 1784 distichon
1447 1753 1533 1791 per
1575 1753 1625 1784 se
1669 1747 1805 1791 stare,
1836 1739 2034 1785 alterum
2067 1740 2133 1785 sic

421 1836 552 1890 legit:

574 1931 690 1975 haec
721 1939 807 1984 ego
838 1944 933 1975 non
964 1929 1091 1975 ferro
1123 1944 1218 1975 non
1250 1929 1355 1983 igne
1387 1939 1574 1975 coactus
1605 1954 1664 1961 —
1694 1939 1741 1976 et
1772 1930 1871 1984 ipsa

753 2025 1000 2078 mamus
1030 2024 1221 2078 Aegaea
1250 2039 1365 2070 vera
1395 2024 1572 2070 fatebar
1603 2040 1737 2080 aqua.

426 2119 563 2166 Haec
594 2128 749 2166 autem
781 2121 995 2166 adnotat:
1028 2119 1216 2173 „Feuer
1246 2120 1344 2166 und
1378 2119 1520 2166 Eisen
1552 2120 1706 2166 haben
1744 2120 1822 2166 die
1854 2120 2020 2166 Macht
2051 2122 2138 2167 der

426 2215 687 2261 Krankheit
716 2215 814 2260 und
846 2216 930 2260 des
962 2215 1158 2261 Irrtums
1189 2230 1242 2261 so
1272 2216 1427 2270 wenig
1456 2216 1664 2261 brechen
1696 2216 1903 2269 konnen,
1931 2216 2023 2262 wie
2054 2217 2141 2262 der

427 2310 677 2364 Zuspruch
708 2310 794 2355 der
824 2310 1049 2356 Freunde
1080 2311 1177 2356 und
1210 2311 1287 2356 die
1318 2310 1658 2365 Bemiihungen
1682 2311 1768 2356 der
1790 2311 2140 2364 Zauberinnen‚

429 2406 528 2451 und
571 2406 654 2451 das
693 2405 751 2450 ist
792 2405 903 2450 kein
947 2405 1177 2458 Wunder,
1219 2406 1279 2451 da
1321 2407 1407 2451 der
1438 2406 1637 2452 Dichter
1667 2406 1811 2453 selbst
1840 2408 1888 2453 in
1922 2408 2143 2453 hochster

428 2500 776 2554 Lebensgefahr
816 2501 883 2546 als
926 2499 1322 2556 Schiffbriichiger
1367 2503 1491 2548 noch
1522 2517 1581 2547 an
1620 2503 1706 2548 der
1736 2512 1875 2557 guten
1908 2503 2142 2558 Meinung

427 2610 524 2641 von
556 2596 711 2641 seiner
741 2595 993 2642 Geliebten
1025 2597 1325 2651 festgehalten
1354 2597 1478 2642 hat'’.

430 2689 522 2736 Sed
554 2691 855 2736 durissimum
887 2701 956 2737 est
986 2701 1079 2737 tam
1112 2693 1257 2737 multa
1286 2700 1390 2744 post
1426 2700 1650 2737 coactus
1688 2701 1845 2738 mente
1882 2693 2143 2747 supplenda

432 2800 559 2831 esse:
591 2787 717 2832 hunc
748 2786 966 2832 morbum
998 2802 1125 2832 nunc
1155 2787 1345 2832 tandem
1370 2787 1568 2839 deposui
1590 2802 1745 2841 neque
1767 2796 1894 2833 recte
1917 2788 2144 2841 explicata

432 2889 502 2926 est
532 2895 627 2926 vox
658 2895 690 2926 v
703 2895 818 2926 era.

435 2974 564 3027 Quid
609 2974 786 3028 igitur?
817 2974 944 3021 Cum
985 2975 1090 3020 viro
1120 2976 1259 3021 docto
1297 2975 1350 3020 Β.
1388 2974 1449 3020 Ο.
1481 2975 1650 3021 Foster
1680 2973 1874 3033 (AJPh.
1905 2976 2067 3029 XXX,
2098 2991 2143 3029 p.

434 3068 638 3128 54—60)
669 3071 814 3115 credo
844 3069 1134 3116 difficultates
1164 3070 1262 3115 tolli
1292 3070 1359 3115 sic
1389 3070 1615 3123 legendo:

585 3165 714 3218 quod
745 3164 861 3210 mihi
891 3179 988 3210 non
1018 3164 1153 3217 patrii
1184 3172 1398 3218 poterant
1428 3173 1642 3209 avertere
1672 3165 1824 3217 amici,

675 3259 834 3304 eluere
864 3267 943 3304 aut
972 3268 1104 3305 vasto
1135 3257 1360 3305 Thessala
1389 3267 1495 3312 saga
1526 3259 1656 3311 mari,

587 3353 662 3398 ho
675 3368 702 3398 c
737 3362 837 3407 ego,
870 3368 966 3399 non
997 3353 1136 3406 ferro,
1168 3367 1264 3399 non
1295 3353 1401 3407 igne
1432 3361 1635 3406 coactus,
1666 3361 1713 3399 et
1742 3353 1843 3407 ipsa

676 3447 924 3501 nauflagus
954 3447 1145 3502 Aegaea
1173 3471 1233 3479 —
1263 3463 1377 3493 vera
1406 3447 1587 3493 fatebor
1615 3472 1674 3479 —
1706 3463 1840 3503 aqua.
