2566 3886
348 1262 420 1308 29.

1145 276 1412 322 —194—

487 404 654 449 uiatori
698 405 1028 458 credidissem3
1074 421 1186 451 ecce
1229 416 1385 452 autem
1426 422 1620 454 severus
1652 409 1729 454 ille
1760 410 1831 455 sui
1863 411 2034 456 oblitus
2066 428 2199 458 meae

483 500 666 552 puellae
699 500 900 545 blandiri
915 510 985 546 est
1003 516 1157 546 ausus.
1177 502 1389 547 Iratusne
1406 518 1471 555 es,
1490 503 1697 556 inquies;
1715 504 1860 550 immo
1878 521 1994 551 vero
2009 506 2198 560 ignosco

486 594 598 646 tibi;
642 610 790 640 unum
822 596 1003 648 gaudeo
1035 604 1080 640 te
1113 596 1204 640 iam
1237 597 1497 641 desiturum
1530 613 1633 643 esse
1664 598 1895 644 Amorem
1927 601 2197 655 despicere;

482 690 598 743 quid
631 706 758 735 nunc
790 690 873 735 tibi
905 706 1071 735 severa
1102 691 1178 735 illa
1209 692 1362 736 studia
1393 692 1623 745 prosunt?
1655 694 1812 744 Quam
1844 695 1957 740 felix
1988 711 2127 750 esses,
2159 698 2197 742 si

488 786 696 830 carmina
726 786 950 830 amatoria
980 787 1211 840 legisses”.

487 879 623 925 Nihil
666 880 743 925 hic
787 881 952 926 deesse
984 881 1132 933 vides,
1164 897 1319 935 neque
1350 891 1478 927 recte
1509 882 1768 937 Postgatius
1798 884 1846 929 in
1878 900 1962 930 sua
1993 886 2197 933 editione

484 991 610 1021 anno
656 975 770 1021 1894
814 976 862 1021 in
906 977 1060 1021 lucem
1102 976 1242 1021 missa
1272 986 1376 1030 post
1407 993 1476 1022 vs.
1508 978 1566 1023 26
1597 979 1811 1031 lacunam
1842 981 2011 1034 statuit,
2042 997 2197 1036 neque

478 1080 609 1116 recte
641 1071 752 1116 inde
783 1087 811 1116 a
842 1087 985 1116 versu
1017 1071 1073 1116 27
1106 1087 1279 1117 novam
1311 1073 1473 1125 incipit
1504 1074 1713 1127 elegiam.

483 1271 561 1308 aut
591 1263 706 1317 quid
739 1296 749 1307 .
769 1296 779 1307 .
798 1296 809 1307 .
828 1296 838 1307 .
870 1263 953 1307 tibi
985 1272 1181 1316 prosunt
1213 1264 1423 1308 carmina
1456 1264 1615 1309 lecta?>

476 1357 548 1403 Eo
594 1359 713 1410 loco,
755 1358 836 1402 ubi
868 1358 1083 1403 lacunam
1115 1359 1297 1412 reliqui,
1331 1358 1672 1411 Neapolitanus
1716 1361 1977 1413 erechti,
2007 1361 2193 1406 DVFL

476 1453 729 1498 erethei
791 1453 979 1498 habent.
1034 1453 1253 1499 Editores
1299 1455 1599 1507 recentiores,
1646 1455 1694 1499 in
1741 1471 1945 1509 quorum
1993 1472 2192 1502 numero

479 1548 800 1594 Rothsteinius
832 1557 878 1593 et
910 1549 1230 1594 Phillimorius
1263 1559 1371 1595 sunt
1391 1565 1499 1595 cum
1519 1550 1814 1596 Memmiano
1847 1551 2191 1597 Erechthei

471 1645 630 1698 legunt
663 1644 932 1690 Homerum
965 1660 992 1689 a
1022 1654 1160 1698 poeta
1191 1645 1437 1699 significari
1469 1655 1698 1698 putantes.
1730 1646 1861 1691 Huic
1878 1647 2066 1692 lectioni
2083 1648 2191 1693 satis

471 1741 617 1785 multa
660 1740 870 1793 obstant;
912 1741 1158 1785 verissime
1202 1741 1328 1786 enim
1373 1741 1594 1786 observat
1624 1742 1698 1786 vir
1729 1742 2015 1787 clarissimus
2050 1743 2191 1788 Hart-

472 1851 581 1880 man
625 1833 729 1894 (De
775 1835 977 1881 Horatio
1008 1844 1159 1888 poeta,
1191 1851 1236 1888 p.
1271 1834 1396 1894 143):
1429 1852 1524 1881 non
1557 1837 1693 1882 facile
1726 1838 1871 1882 credo
1903 1852 2189 1892 quemquam

470 1931 730 1976 amicorum
778 1946 969 1976 suorum
1018 1932 1083 1976 sic
1130 1947 1233 1976 esse
1265 1933 1518 1977 allocutum
1552 1932 1874 1986 Propertium:
1914 1932 2074 1985 „Quid
2105 1933 2188 1978 tibi

470 2042 597 2072 nunc
644 2028 836 2081 prodest
881 2028 1008 2081 quod
1062 2027 1331 2072 Homerum
1364 2027 1581 2081 legisti‘’?
1614 2028 1799 2079 Quotus
1831 2028 1957 2073 enim
1989 2028 2189 2082 quisque

473 2122 720 2167 hominum
759 2122 899 2175 paulo
930 2122 1179 2167 cultiorum
1214 2122 1484 2167 Homerum
1516 2138 1546 2167 n
1561 2138 1632 2167 on
1665 2124 1851 2176 legerat,
1884 2139 2039 2176 neque
2071 2124 2188 2168 eius-

473 2217 602 2261 modi
650 2217 757 2262 Ilias
806 2226 851 2262 et
899 2216 1117 2270 Odyssea
1154 2226 1261 2262 sunt
1291 2226 1342 2262 ut
1373 2218 1450 2262 vel
1482 2218 1520 2262 is
1552 2218 1633 2271 qui
1666 2218 1893 2263 memoria
1924 2233 2002 2263 eas
2032 2227 2187 2263 teneat

471 2311 563 2356 sibi
594 2327 736 2365 supra
766 2313 933 2366 vulgus
964 2327 1127 2366 sapere
1159 2312 1388 2364 videatur,
1420 2327 1566 2366 seque
1594 2312 1682 2357 illis
1698 2312 1840 2357 rebus
1857 2313 2028 2366 quibus
2043 2313 2187 2358 ceteri

472 2422 638 2452 omnes
669 2416 1058 2481 commoveantur
1087 2407 1210 2460 tangi
1241 2422 1337 2451 non
1368 2422 1505 2460 posse
1536 2407 1828 2452 arbitretur.”

470 2502 722 2547 Praeterea
752 2517 847 2546 non
880 2510 949 2546 est
980 2517 1065 2546 cur
1097 2502 1322 2555 legentes:
1365 2517 1477 2547 sen
1495 2517 1568 2546 ex
1616 2502 2003 2547 Erechtheu
2021 2517 2042 2547 s
2086 2502 2186 2547 Ho-

466 2612 650 2642 merum
708 2596 1000 2650 potissimum
1048 2597 1292 2650 significari
1339 2597 1605 2650 intelligant.
1658 2597 1788 2648 Quin
1835 2597 1972 2642 etiam
2020 2598 2186 2642 collato

465 2707 607 2737 versu
639 2691 694 2736 41
729 2693 789 2736 de
817 2691 1059 2744 Aeschylo
1087 2692 1272 2745 cogites.

463 2787 546 2832 Ad
578 2787 922 2832 coniecturam:
956 2787 1307 2839 Erythraei,
1340 2802 1481 2840 quam
1520 2786 1797 2840 excogitavit
1836 2786 2023 2831 Ellisius
2039 2784 2183 2844 (JPh.

463 2882 626 2934 XXII,
658 2898 703 2935 p.
736 2880 819 2940 24)
851 2882 1197 2936 intelligendam
1230 2891 1323 2927 tam
1355 2882 1597 2926 recondita
1627 2882 1839 2926 doctrina
1869 2896 1987 2934 opus
2019 2890 2101 2933 est,
2133 2890 2184 2926 ut

463 2978 545 3022 vix
586 2993 640 3022 ac
683 2993 744 3022 ne
787 2978 869 3022 vix
914 2978 1107 3032 quidem
1139 2978 1395 3031 intelligere
1427 2977 1658 3030 possimus
1692 2977 1931 3021 Romanos
1962 2976 2183 3021 litteratos

463 3074 554 3117 hoc
599 3088 774 3117 nomen
806 3073 1010 3126 legentes
1042 3073 1192 3117 statim
1225 3073 1381 3124 scisse,
1413 3074 1473 3117 de
1504 3088 1599 3126 quo
1630 3081 1768 3125 poeta
1794 3080 2019 3125 ageretur.
2052 3071 2181 3122 Quid

463 3176 618 3212 autem
657 3168 758 3221 ipse
790 3168 1063 3220 Propertius
1094 3168 1344 3220 scripserit,
1377 3177 1455 3213 aut
1486 3183 1572 3212 nos
1604 3168 1785 3212 nescire
1815 3167 2057 3212 fatendum
2098 3174 2180 3218 est,

463 3271 541 3307 aut
587 3263 679 3307 iam
727 3262 929 3316 Scaliger
975 3278 1142 3308 verum
1190 3263 1448 3314 invenerat,
1498 3262 1578 3316 qui
1623 3238 1707 3306 Lu
1721 3277 1824 3306 cre
1838 3262 1881 3306 ti
1925 3260 2180 3314 proposuit.

463 3356 738 3402 Fortissime
781 3358 902 3402 hanc
934 3357 1220 3410 ingeniosam
1252 3357 1568 3401 coniecturam
1602 3356 1809 3401 defendit
1839 3355 1914 3400 vir
1950 3355 2007 3399 cl.
2041 3354 2180 3399 Hart-

464 3466 567 3496 man
597 3449 710 3509 (1.1.)
