2566 3886
1124 254 1362 301 ..86-

1059 455 1313 502 ELEGIA
1343 456 1431 501 VI.

450 585 586 630 Haec
633 585 778 638 elegia
815 586 1014 630 multum
1047 585 1178 630 torsit
1208 585 1336 631 viros
1368 586 1544 631 doctos.
1579 586 1706 632 Nam
1739 595 1985 641 postquam
2018 587 2165 632 Lach-

449 695 648 725 mannus
679 689 784 733 post
815 696 980 726 versus
1012 681 1083 733 24,
1115 680 1187 733 26,
1220 680 1291 733 34,
1324 680 1395 733 36,
1428 680 1486 726 40
1517 682 1705 727 lacunas
1731 682 1968 735 indicavit,
2000 698 2164 728 omnes

448 776 546 820 fere
578 775 782 820 editores
814 776 942 829 signa
958 777 1231 821 lacunarum
1249 785 1521 832 posuerunt,
1540 777 1691 822 donec
1709 778 1896 822 tandem
1914 778 2165 832 aliquando

453 871 654 916 Carolus
708 871 885 916 Brandt
938 872 985 916 in
1039 887 1125 917 suo
1171 872 1330 917 libello
1377 872 1452 917 cui
1500 872 1658 917 titulus
1706 872 2165 923 Quaestiones

451 966 952 1019 Propertianae
1013 964 1085 1024 (p.
1148 964 1231 1024 21)
1296 966 1527 1020 integrum
1593 981 1696 1012 esse
1742 982 1932 1013 carmen
1985 968 2165 1022 primus

450 1062 774 1106 demonstrare
805 1069 1000 1106 conatus
1032 1069 1114 1106 est.

453 1156 567 1201 Otto
614 1156 722 1208 (Die
768 1156 1222 1210 Versumstellingen
1264 1156 1340 1201 bei
1389 1156 1601 1209 Properz
1633 1157 1669 1210 Ι,
1701 1172 1745 1210 p.
1779 1156 1821 1214 8)
1853 1172 2043 1203 carmen
2075 1158 2165 1203 hoc

452 1253 595 1297 modo
632 1251 877 1296 restituere
908 1259 1102 1296 conatus
1134 1260 1228 1296 est:
1264 1252 1422 1304 1—22,
1455 1251 1645 1305 27—34,
1678 1251 1749 1304 35,
1781 1251 1853 1304 36,
1885 1252 1956 1305 25,
1989 1252 2060 1305 26,
2093 1252 2164 1305 37,

452 1345 524 1398 38,
556 1345 626 1398 23,
659 1346 730 1398 24,
764 1345 834 1398 39,
867 1345 938 1390 40.

451 1441 564 1486 Alio
593 1442 735 1486 modo
768 1441 939 1486 Birtius
971 1439 1207 1498 (RhMPh
1223 1442 1509 1495 XXXVIII,
1526 1457 1570 1495 p.
1588 1440 1689 1500 206)
1706 1457 1896 1488 carmen
1913 1443 2166 1488 restituisse

453 1537 540 1582 sibi
588 1538 718 1582 visus
765 1546 854 1582 est:
896 1535 1064 1589 1—263
1097 1536 1169 1589 35,
1201 1535 1284 1590 363
1317 1536 1518 1590 27—30;
1551 1537 1622 1590 33,
1655 1537 1738 1591 34;
1771 1537 1842 1590 31,
1875 1537 1957 1590 32;
1990 1536 2061 1590 37,
2094 1536 2165 1582 38.

453 1632 528 1677 De
584 1632 713 1677 hisce
760 1632 1198 1684 transpositionibus
1244 1632 1347 1677 fuse
1394 1633 1632 1686 disputare
1678 1641 1725 1678 et
1769 1634 1959 1687 longum
2006 1641 2076 1678 est
2121 1641 2167 1678 et

451 1727 647 1772 fortasse
679 1741 1051 1780 supervacuum3
1083 1727 1237 1779 potius
1269 1727 1323 1772 iis
1355 1727 1482 1780 locis,
1500 1728 1580 1773 ubi
1602 1728 1933 1774 Lachmannus
1951 1728 2165 1773 lacunam

453 1824 622 1875 statuit,
654 1823 736 1877 qui
768 1823 1103 1868 sententiarum
1136 1838 1286 1868 nexus
1318 1823 1388 1875 sit,
1421 1823 1581 1875 paucis
1612 1823 1953 1889 annotabimus.

452 1918 634 1964 Versus
659 1918 760 1963 1-22
790 1919 913 1963 bene
927 1920 1181 1963 cohaerere
1198 1933 1363 1963 omnes
1380 1919 1659 1971 concedunt,
1677 1933 1833 1971 neque
1850 1919 2167 1964 demonstrato

452 2028 571 2067 opus
602 2023 685 2059 est.
707 2014 878 2059 ‘Prima
908 2013 1151 2059 difficultas
1183 2014 1401 2066 nascitur,
1434 2014 1472 2058 si
1503 2022 1732 2067 rogamus,
1765 2014 2004 2067 quomodo
2020 2011 2091 2065 23,
2109 2011 2166 2057 24

452 2124 561 2154 cum
607 2109 999 2161 praecedentibus
1041 2110 1335 2154 cohaereant.
1384 2109 1526 2154 Hanc
1585 2109 1835 2154 Brandtius
1889 2124 1983 2154 non
2036 2108 2165 2153 tollit.

454 2204 582 2249 Nam
630 2204 738 2249 licet
783 2205 1039 2258 intelligere
1086 2205 1318 2258 possimus
1355 2213 1556 2257 poetam,
1603 2212 1848 2257 postquam
1887 2204 1947 2248 de
1979 2218 2165 2249 morum

456 2299 682 2351 pravitate
714 2308 905 2353 questus
938 2300 1008 2352 sit,
1041 2301 1101 2345 de
1139 2299 1328 2352 antiqua
1373 2298 1596 2352 pudicitia
1653 2299 1868 2352 cogitare,
1926 2299 2166 2352 quomodo

453 2395 569 2439 haec
622 2409 731 2439 cum
770 2394 956 2439 duobus
988 2394 1292 2447 sequentibus
1324 2393 1539 2439 versibus
1570 2393 1854 2446 coniungere
1886 2392 2167 2446 possumus?

454 2488 547 2535 Sed
593 2490 752 2534 omnia
797 2489 919 2534 bene
951 2490 1226 2542 procedunt,
1259 2489 1518 2534 dummodo
1551 2490 1646 2534 duo
1677 2489 1753 2533 illa
1784 2488 1980 2533 disticha
2010 2489 2165 2533 locum

452 2585 574 2629 inter
606 2599 656 2630 se
673 2593 855 2629 mutent
872 2582 970 2642 (25,
989 2583 1060 2636 26,
1078 2583 1149 2636 23,
1168 2581 1266 2642 24).
1287 2583 1414 2628 Nam
1433 2592 1536 2636 post
1553 2598 1744 2628 versum
1761 2582 1818 2628 22
1835 2583 1903 2628 ira
1919 2583 2165 2636 abreptum

454 2687 640 2732 poetam
672 2680 956 2724 exclamare:

454 2773 655 2828 Templa
685 2774 927 2819 Pudicitae
959 2774 1074 2828 quid
1105 2789 1224 2827 opus
1256 2773 1468 2819 statuisse
1499 2773 1666 2826 puellis

453 2870 629 2923 optime
660 2870 977 2923 intelligimus3
1010 2878 1056 2915 et
1084 2878 1188 2923 post
1218 2869 1603 2914 exclamationem

453 2966 491 3010 si
523 2965 673 3011 cuivis
704 2974 878 3018 nuptae
910 2965 1140 3018 quidlibet
1171 2979 1274 3009 esse
1317 2964 1424 3009 licet

454 3070 620 3114 sponte
664 3061 724 3106 de
767 3060 968 3113 antiquis
1011 3060 1237 3105 uxoribus
1281 3068 1327 3104 et
1358 3059 1551 3105 omnino
1583 3059 1643 3104 de
1675 3058 1857 3111 pudicis
1890 3059 2165 3105 mulieribus

451 3157 653 3210 cogitare
683 3157 945 3201 adducitur.
978 3155 1106 3201 Nam
1130 3155 1402 3209 Propertius
1418 3156 1531 3200 tales
1548 3155 1907 3200 exclamationes
1923 3154 1971 3199 in
1988 3155 2166 3200 deliciis

453 3252 606 3296 habet.
685 3250 799 3296 Eius
860 3251 1065 3296 carmina
1125 3266 1220 3295 non
1282 3251 1544 3295 rivulorum
1606 3250 1773 3295 similia
1833 3258 1941 3295 sunt
2000 3249 2167 3295 leniter

455 3347 737 3399 modicoque
783 3346 978 3399 strepitu
1023 3346 1479 3400 praeterlabentium,
1526 3345 1609 3390 sed
1646 3345 1864 3390 torrentis
1895 3345 2052 3396 instar,
2084 3344 2164 3397 qui

455 3457 678 3497 spumeus
709 3451 754 3488 et
785 3443 974 3488 fervens
1005 3443 1065 3489 de
1097 3442 1334 3488 montibus
1366 3441 1584 3487 decurrit.
