2566 3886
1228 264 1495 310 —107--

571 411 856 450 quamquam
903 411 1077 442 nomen
1124 395 1361 449 Cynthiae
1392 396 1604 441 nondum
1637 396 1860 450 nominat,
1892 397 2181 451 lepidissimo
2208 398 2287 443 illo

569 493 630 537 de
678 492 861 538 Amore
924 493 1132 537 carmine
1180 492 1272 537 iam
1323 492 1571 538 confitetur
1619 508 1808 547 semper
1853 509 2011 539 amare
2057 509 2108 540 se
2159 495 2286 548 cogi;

572 596 814 640 praeterea
865 588 981 632 haec
1037 587 1183 641 elegia
1226 596 1273 632 et
1319 587 1502 633 initium
1546 588 1783 642 sequentis
1830 589 2091 635 defendunt
2135 599 2283 636 artem

572 683 821 736 elegiacam
853 683 1011 727 denuo
1042 690 1320 735 susceptam.
1353 681 1445 727 Sed
1478 691 1602 727 errat
1633 683 1814 735 Itesius,
1846 684 1883 728 si
1918 693 2049 738 putat
2077 685 2287 739 elegiam,

558 778 618 822 de
655 792 749 831 qua
778 777 970 831 agimus,
1002 777 1118 822 nihil
1150 777 1238 822 nisi
1269 777 1379 822 artis
1411 777 1641 831 elegiacae
1673 778 1998 824 defensionem
2030 780 2281 834 praebere;

573 872 745 917 blando
782 872 909 917 enim
946 871 1154 917 carmine
1193 870 1449 924 Cynthiam
1488 872 1576 917 sibi
1613 873 1864 918 conciliare
1895 882 2116 920 conatur:
2148 876 2288 928 „felix

571 968 668 1012 est”
685 967 747 1012 ait
762 967 828 1020 „si
846 967 889 1012 ei
905 967 953 1012 in
967 967 1144 1021 gremio
1158 967 1341 1020 puellae
1355 967 1563 1012 carmina
1578 967 1774 1012 recitare
1790 968 1945 1020 licet’';
1962 984 2104 1022 quam
2122 971 2286 1016 arden-

572 1070 644 1107 ter
656 1062 812 1115 cupiat
827 1062 1029 1114 puellam
1046 1076 1207 1107 secum
1237 1062 1285 1107 in
1315 1062 1507 1116 gratiam
1538 1062 1694 1108 redire
1725 1064 1979 1109 ostendunt
2012 1080 2082 1110 vs.
2118 1066 2187 1111 15.
2219 1067 2287 1112 16.

572 1157 827 1209 Quomodo
844 1166 999 1203 autem
1016 1158 1132 1203 haec
1149 1173 1257 1202 cum
1290 1158 1595 1211 sequentibus
1626 1160 1923 1212 cohaereant,
1954 1160 2131 1213 optime
2148 1162 2286 1207 docet

571 1252 960 1298 Fleischmannus
1005 1250 1227 1310 (Quaest.
1273 1253 1413 1306 Prop.
1447 1253 1484 1305 1,
1517 1268 1561 1306 p.
1594 1252 1704 1312 24):
1736 1256 2127 1308 praecedentibus
2158 1257 2285 1302 enim

568 1347 841 1401 Propertius
886 1348 999 1392 dicit
1044 1363 1185 1393 unam
1225 1347 1482 1401 Cynthiam
1514 1349 1603 1394 sibi
1634 1350 1781 1403 pluris
1812 1365 1916 1396 esse
1947 1367 2088 1405 quam
2120 1367 2285 1397 omnes

566 1451 761 1495 ceteros,
798 1459 954 1496 neque
991 1444 1142 1489 solum
1182 1445 1230 1489 in
1267 1444 1376 1497 vita,
1420 1445 1581 1499 pergit,
1620 1447 1703 1491 sed
1742 1446 1879 1491 etiam
1922 1456 2026 1500 post
2069 1457 2283 1501 mortem,

567 1554 717 1592 eaque
748 1539 808 1584 de
824 1554 964 1585 causa
982 1555 1032 1585 se
1054 1548 1327 1586 contentum
1350 1540 1453 1586 fore
1476 1540 1601 1593 dicit,
1625 1541 1662 1586 si
1686 1541 1894 1594 Cynthia
1916 1557 2021 1588 suas
2038 1544 2284 1597 exsequias

567 1635 625 1679 sit
655 1643 899 1687 secutura;
930 1635 974 1680 ei
1006 1635 1143 1689 igitur
1173 1636 1234 1680 de
1266 1651 1322 1681 ea
1352 1651 1404 1681 re
1435 1645 1686 1689 praecepta
1716 1639 1919 1683 mandat.
1952 1638 2142 1684 Deinde
2173 1648 2280 1692 apte

566 1729 747 1775 confert
777 1729 883 1775 Tib.
915 1745 1057 1775 carm.
1091 1731 1127 1775 1.
1162 1730 1201 1783 l,
1234 1730 1290 1775 57
1322 1746 1448 1785 sqq.:

688 1824 801 1870 Non
834 1834 920 1878 ego
951 1826 1129 1871 laudari
1160 1841 1290 1878 curo,
1322 1842 1430 1872 mea
1461 1827 1623 1872 Delia:
1656 1837 1811 1874 tecum

804 1921 1063 1966 dummodo
1094 1920 1196 1972 sim,
1228 1936 1417 1974 quaeso,
1449 1923 1601 1976 segnis
1633 1923 1854 1978 inersque
1886 1940 2054 1977 vocer;

687 2024 732 2061 te
764 2024 970 2068 spectem
1005 2031 1225 2069 suprema
1255 2017 1370 2062 mihi
1403 2033 1511 2063 cum
1550 2019 1734 2064 venerit
1766 2021 1895 2072 hora,

804 2119 850 2156 te
881 2119 1064 2156 teneam
1100 2112 1307 2157 moriens
1338 2113 1586 2160 deficiente
1617 2130 1785 2160 manu:

686 2207 818 2252 flebis
849 2216 896 2251 et
927 2222 1090 2252 arsuro
1120 2208 1323 2261 positum
1356 2224 1447 2261 me,
1480 2210 1631 2263 Delia,
1663 2211 1785 2256 lecto

804 2302 1010 2348 tristibus
1042 2312 1087 2348 et
1117 2303 1319 2349 lacrimis
1351 2305 1510 2350 oscula
1541 2306 1685 2352 mixta
1715 2307 1861 2352 dabis.

567 2396 763 2451 Semper
808 2397 934 2442 enim
981 2398 1112 2443 timet
1159 2407 1310 2451 poeta,
1357 2415 1418 2444 ne
1464 2400 1606 2447 funus
1652 2417 1789 2447 suum
1837 2403 2073 2456 Cynthiae
2119 2419 2279 2449 amore

565 2501 733 2545 careat,
765 2493 824 2538 cs.
857 2494 894 2545 Ι,
928 2493 997 2538 19.

567 2587 815 2633 Praeterea
826 2603 991 2634 versus
1008 2588 1076 2633 17.
1095 2587 1148 2633 18
1162 2604 1447 2643 quamquam
1471 2590 1542 2644 igi
1552 2600 1639 2636 tur
1654 2592 1701 2637 in
1714 2592 1845 2639 initio
1856 2595 2075 2640 carminis
2087 2596 2278 2641 tortasse

566 2683 755 2728 defendi
778 2691 942 2735 potest,
966 2699 1263 2737 nequaquam
1287 2685 1381 2738 apti
1404 2696 1525 2739 sunt,
1543 2687 1623 2740 qui
1641 2702 1813 2732 novam
1832 2688 2055 2743 incipiant
2071 2691 2280 2744 elegiam.

565 2778 677 2823 Post
707 2778 764 2823 42
797 2778 1138 2832 Hertzbergius
1169 2780 1382 2825 lacunam
1415 2782 1583 2834 statuit,
1605 2791 1652 2827 et
1666 2784 1792 2835 apud
1814 2783 2083 2830 Vahlenum
2101 2801 2279 2831 novum

564 2872 725 2925 incipit
754 2887 958 2925 carmen,
990 2874 1118 2927 quod
1150 2875 1318 2919 eodem
1350 2876 1484 2920 redit.
1518 2877 1654 2922 Haec
1670 2886 1778 2922 sunt
1795 2878 2096 2933 Hertzbergii
2113 2880 2279 2925 verba:

565 2982 702 3018 „eum
719 2983 861 3021 quem
878 2967 940 3012 ita
958 2977 1228 3014 contentum
1246 2985 1330 3015 sua
1345 2971 1613 3016 conditione
1630 2973 1772 3017 modo
1789 2973 1994 3018 vidimus
2011 2983 2056 3019 et
2073 2975 2275 3028 beatum,

564 3069 615 3105 ut
659 3062 736 3106 vel
782 3070 887 3114 post
931 3062 1112 3108 cineres
1157 3063 1245 3108 alia
1290 3065 1355 3109 uti
1403 3080 1454 3110 se
1498 3067 1621 3111 velle
1667 3076 1868 3120 negaret,
1914 3069 2039 3113 hunc
2071 3070 2275 3114 eundem

562 3155 783 3201 continuo
814 3156 977 3201 iubent
1007 3157 1212 3208 (librarii)
1243 3159 1386 3204 vitam
1419 3175 1550 3205 suam
1582 3162 1815 3206 exsecrari
1847 3163 2106 3216 horamque
2127 3164 2273 3216 ipsam

563 3265 656 3303 qua
686 3250 889 3302 primum
921 3252 1074 3296 lucem
1105 3253 1371 3304 adspexerit
1402 3255 1664 3300 detestari.”

564 3343 656 3389 Sed
687 3344 724 3389 si
756 3345 860 3398 quis
890 3354 1020 3397 putat
1050 3346 1346 3399 Propertium
1380 3349 1470 3393 hoc
1501 3364 1690 3395 carmen
1714 3351 1833 3396 laeto
1849 3352 2006 3397 animo
2023 3353 2274 3406 scripsisse,

562 3440 743 3494 egregie
789 3440 986 3494 fallitur3
1033 3441 1155 3487 bene
1202 3442 1327 3487 enim
1374 3442 1593 3490 observat
1638 3445 1679 3490 F
1682 3446 1971 3492 leischmann
2019 3449 2139 3494 hanc
2170 3464 2273 3494 esse
