2566 3886
250 1168 320 1214 19.

250 1546 323 1592 21.

258 2301 330 2346 24.

268 3147 339 3193 27.

1028 270 1295 316 —353—

799 403 880 457 qui
912 412 1083 448 terram
1115 402 1329 452 inertem,
1361 399 1442 453 qui
1474 412 1603 442 mare
1635 404 1863 449 temperat

799 506 1049 543 ventosum
1080 504 1126 541 et
1157 495 1299 540 urbes
1330 502 1609 547 regnaque
1641 491 1822 536 tristia

861 593 1092 645 divosque
1123 591 1436 642 mortalesque
1467 588 1626 632 turbas

859 686 1057 740 imperio
1088 686 1202 738 regit
1233 699 1355 730 unus
1385 698 1550 736 aequo.

378 782 559 836 Sperno
621 783 758 836 igitur
819 780 1082 834 Koppiersii
1143 779 1487 824 coniecturam:
1550 778 1580 821 d
1598 792 1624 821 e
1642 791 1673 828 p
1689 791 1713 820 r
1730 791 1756 820 e
1774 791 1800 820 c
1817 790 1846 820 o
1862 790 1899 827 r,
1970 789 2090 827 quae

378 879 535 923 multis
566 878 751 931 placuit.

380 973 484 1018 hic
516 973 588 1017 i.e.
619 972 744 1025 apud
777 971 965 1023 inferos,
996 970 1165 1015 iniuria
1196 976 1400 1013 mutatur
1416 967 1464 1012 in
1496 967 1664 1012 huic.

380 1177 459 1213 aut
489 1168 527 1213 si
558 1167 664 1220 quis
695 1166 843 1219 posita
874 1166 1017 1210 iudex
1048 1165 1180 1209 sedet
1210 1164 1401 1208 Aeacus
1433 1177 1552 1207 urna

380 1271 488 1307 aut
534 1276 629 1306 non
676 1269 803 1306 recte
849 1268 1054 1304 mutatur
1099 1274 1158 1303 ex
1205 1258 1474 1303 coniectura
1521 1256 1738 1301 Nestoris
1785 1257 1831 1301 in
1874 1264 1957 1308 at3
1989 1264 2097 1300 aut

382 1357 557 1410 optime
599 1355 821 1409 explicari
858 1362 1031 1407 potest:
1076 1362 1183 1398 aut
1229 1353 1301 1397 i.e.
1349 1352 1401 1396 si
1448 1366 1660 1404 poena
1707 1351 1904 1405 digna
1947 1366 2097 1396 sum.

383 1545 616 1591 assideant
645 1546 809 1590 stati-es
839 1544 979 1596 iuxta,
1013 1543 1197 1589 Minoia
1227 1544 1353 1594 sella,

446 1639 765 1685 Eumenidum
797 1639 974 1683 intento
1005 1638 1142 1683 turba
1172 1653 1338 1682 severa
1367 1637 1472 1682 foro

386 1733 461 1780 Sic
502 1734 611 1788 legit
647 1734 967 1779 Rothsteinius
998 1748 1105 1778 cum
1138 1732 1393 1777 codicibus.
1426 1731 1615 1776 Fratres
1647 1732 1784 1785 igitur
1814 1741 1934 1784 sunt,
1966 1732 2004 1777 si
2036 1732 2101 1777 sic

387 1845 578 1875 versum
621 1829 829 1882 legimus,
872 1828 1061 1873 Aeacus
1104 1836 1151 1872 et
1194 1828 1594 1879 Rhadamanthus,
1638 1828 1721 1872 sed
1763 1827 1977 1873 Aeacum
2010 1828 2101 1872 iam

389 1923 661 1968 nominavit.
693 1923 822 1976 Lego
852 1922 989 1976 igitur
1019 1938 1127 1967 cum
1161 1923 1309 1967 Italis:

388 2018 621 2062 assideant
649 2018 828 2069 fratres,
859 2018 987 2062 iuxta
1017 2027 1063 2062 et
1095 2017 1312 2062 Minoida
1339 2018 1499 2062 sellam

452 2112 770 2157 Eumenidum
802 2112 980 2157 intento
1010 2112 1146 2157 turba
1177 2127 1343 2157 severa
1374 2113 1490 2157 foro.

392 2302 532 2346 fallax
562 2301 787 2347 Tantaleo
818 2302 1071 2355 corripiare
1101 2302 1256 2356 liquor

394 2395 650 2449 Postgatius
680 2411 790 2441 cum
822 2396 1005 2441 Aurato
1036 2397 1252 2450 corrigit:

542 2490 680 2536 fallax
711 2490 938 2536 Tantaleo
968 2491 1207 2543 corripere
1238 2506 1320 2536 ore
1354 2492 1523 2545 liquor,

398 2585 482 2629 sed
513 2600 682 2630 verum
714 2595 796 2638 est,
829 2587 957 2639 quod
979 2585 1288 2639 Rossbergius
1305 2584 1450 2643 (Luc.
1469 2587 1609 2641 Prop.
1626 2604 1671 2641 p.
1689 2586 1772 2645 32)
1789 2589 2113 2633 commendat:

544 2679 680 2724 fallax
711 2679 964 2725 Tantaleus
995 2681 1248 2734 corripiare
1280 2682 1450 2734 liquor.

396 2772 493 2816 Hic
524 2772 650 2817 enim
682 2782 809 2818 recte
839 2774 1059 2819 observat
1089 2775 1418 2827 optativorum‚
1451 2791 1537 2828 per
1567 2792 1686 2830 quos
1718 2778 1942 2829 procedat
1965 2778 2113 2822 oratio

399 2865 651 2911 Corneliae
681 2865 909 2925 (vaces,
946 2877 1206 2920 taceant,
1243 2869 1614 2922 corripiare,
1652 2880 1829 2924 petat,
1868 2870 2113 2929 iaceat),

397 2961 566 3006 seriem
589 2962 745 3006 media
774 2977 892 3006 voce
923 2962 972 3006 in
1003 2962 1292 3015 corripere
1324 2972 1499 3008 mutata
1530 2964 1797 3009 foedissime
1822 2965 2113 3018 interrumpi.

401 3148 528 3194 Cum
561 3149 687 3194 Italis
718 3149 1020 3195 scribendum
1051 3159 1146 3195 est:

550 3243 650 3297 ipsa
695 3245 755 3288 lo
772 3259 934 3296 quar
978 3259 1066 3296 pro
1097 3260 1200 3290 me:
1232 3245 1269 3289 si
1299 3245 1424 3297 fallo,
1455 3260 1608 3297 poena
1640 3260 1856 3292 sororum

402 3338 660 3392 Postgatius
691 3336 871 3396 (Select
902 3339 974 3383 El.
1005 3354 1050 3391 p.
1083 3337 1197 3396 233)
1228 3348 1274 3384 et
1318 3339 1635 3385 Phillimorius
1679 3340 1849 3386 iniuria
1891 3343 2118 3395 loquor

403 3440 605 3477 tuentur.

1953 3517 2001 3554 23
