2566 3886
1140 239 1406 285 -334—

476 371 684 416 Versum
716 369 773 415 55
804 370 1005 415 verbum
1037 369 1260 415 sortiendi
1277 370 1462 424 passive
1478 370 1738 416 adhibitum
1757 385 1860 416 esse
1876 371 1979 417 iure
2001 382 2195 418 monent

480 466 571 511 viri
617 466 741 511 docti
784 466 951 510 collato
997 479 1140 509 versu
1171 463 1229 509 20
1260 465 1434 519 elegiae
1465 465 1604 511 huius
1635 465 1741 510 libri
1773 466 2078 520 undecimaez
2110 468 2194 512 sed

481 578 672 608 versum
705 561 760 607 57
793 569 1067 614 corruptum
1098 575 1202 605 esse
1233 575 1375 605 nemo
1406 560 1520 605 mihi
1552 561 1743 614 eripiet;
1775 562 1865 607 hoc
1897 561 2023 607 enim
2055 577 2197 607 versu

481 666 528 703 et
569 656 783 711 sequenti
824 664 1116 709 pentametro
1147 655 1352 700 feminae
1383 655 1649 707 impudicae
1681 655 1995 707 nominantur,
2028 656 2199 710 quibus

483 752 696 806 Elysium
744 751 953 796 habitare
996 766 1091 795 non
1130 750 1251 803 licet,
1283 765 1425 795 versu
1471 751 1665 795 demum
1712 749 1769 795 59
1801 750 1861 795 de
1893 751 2037 795 altera
2069 760 2200 804 parte

484 856 778 893 mortuorum
810 846 1020 899 legimus,
1051 845 1127 890 cui
1159 845 1222 890 ob
1253 846 1496 889 honestam
1513 845 1806 898 probamque
1829 845 1971 890 vitam
2003 860 2201 891 amoena

484 942 634 987 vireta
649 941 937 994 contingunt.
964 940 1089 994 Ergo
1114 939 1399 985 vocabulum
1440 940 1532 984 alt
1547 955 1574 984 e
1591 955 1615 984 r
1631 955 1659 984 a
1683 955 1876 993 prorsus
1892 956 1988 985 non
2005 941 2202 994 quadrat

483 1039 531 1083 in
563 1052 754 1082 versum
788 1036 859 1088 57,
891 1036 972 1080 ubi
1004 1036 1064 1080 de
1097 1035 1229 1079 malis
1249 1043 1428 1079 tantum
1445 1034 1715 1079 hominibus
1736 1049 1918 1088 sermo;
1951 1035 2202 1081 ridiculum

484 1142 640 1178 autem
657 1141 727 1177 est
742 1147 851 1176 cum
888 1131 1064 1183 Paleyo
1096 1129 1391 1175 Rothsteinio
1421 1129 1522 1174 aliis
1548 1138 1711 1181 putare
1739 1130 1885 1175 malos
1911 1130 2126 1176 homines
2156 1139 2202 1176 et

485 1229 610 1282 ipsos
642 1229 689 1272 in
722 1228 838 1272 duas
869 1235 1023 1279 partes
1055 1225 1217 1270 dividi.
1245 1224 1602 1278 Hertzbergius,
1626 1225 1721 1279 qui,
1749 1226 1965 1279 quamvis
1987 1234 2204 1272 strenuus

485 1333 608 1370 esset
654 1324 874 1368 defensor
919 1330 1073 1366 textus
1118 1320 1286 1372 traditi,
1319 1320 1545 1365 intellexit
1575 1320 1698 1365 hanc
1730 1319 2046 1366 difficultatem
2077 1321 2205 1366 nulla

485 1417 823 1472 interpretandi
869 1417 1048 1462 ratione
1091 1416 1188 1461 tolli
1219 1430 1371 1469 posse,
1403 1415 1498 1460 leni
1529 1422 1656 1459 certe
1689 1414 1981 1459 correctione
2011 1430 2203 1461 versum

487 1513 634 1559 edidit
679 1513 770 1558 sic:
815 1512 943 1557 unda
991 1510 1362 1564 Clytaemestrae
1407 1519 1620 1563 stuprum
1651 1509 1782 1554 vehit
1813 1509 1969 1561 altera,
2002 1508 2205 1555 Cressae

887 1614 1040 1660 portat
1070 1614 1158 1650 etc.

487 1705 569 1749 sed
601 1705 909 1748 vehementer
940 1701 1155 1754 displicet
1185 1701 1460 1753 asyndeton.

487 1799 675 1844 Ellisius
706 1795 850 1856 (JPh.
883 1795 956 1841 IX
986 1812 1031 1850 p.
1064 1794 1165 1848 236,
1197 1795 1255 1840 ci.
1286 1794 1398 1848 XV,
1430 1810 1475 1847 p.
1507 1793 1592 1853 20)
1622 1795 1755 1848 legit:

606 1909 700 1939 una
730 1892 1101 1945 Clytaemestrae
1131 1901 1345 1945 stuprum
1377 1891 1455 1936 vel
1485 1891 1695 1936 adultera
1725 1890 1927 1936 Cressae

725 1996 877 2042 portat
907 1986 1127 2032 mentitae
1158 1986 1309 2039 lignea
1339 1994 1548 2030 monstra
1577 1985 1726 2030 bovis.

487 2085 616 2138 quod
642 2092 728 2137 ego
760 2097 868 2127 cum
887 2082 1119 2135 Postgatio
1140 2097 1309 2126 verum
1326 2082 1463 2125 duco.
1482 2080 1588 2132 Ipse
1606 2079 1794 2125 Ellisius
1810 2080 1870 2124 ad
1886 2080 2202 2126 coniecturam

483 2179 831 2225 defendendam
863 2178 956 2222 iam
989 2177 1172 2222 citavit:
1204 2176 1352 2221 Anth.
1385 2175 1441 2220 L.
1475 2173 1557 2219 131
1594 2174 1735 2219 Riese

724 2281 880 2318 vatem
912 2280 958 2316 te
989 2270 1159 2324 poterit
1188 2270 1390 2315 reddere
1421 2270 1639 2322 ligneum.

725 2367 806 2421 qui
838 2381 1031 2411 vaccam
1062 2365 1271 2410 trabibus
1302 2364 1410 2409 lusit
1440 2363 1675 2408 adulteris.

481 2462 783 2509 Constructio
814 2470 970 2507 autem
1002 2475 1167 2506 versus
1198 2458 1433 2504 emendati
1465 2459 1581 2503 haec
1611 2467 1706 2503 este

490 2574 613 2611 „una
659 2573 779 2612 aqua
821 2565 973 2610 portat
1019 2565 1232 2608 stuprum
1280 2553 1632 2606 Clyaemestrae
1669 2553 1746 2598 vel
1778 2552 1980 2599 Cressae
1995 2551 2050 2612 ¹),
2080 2569 2202 2608 quae

486 2653 678 2698 mentita
708 2661 777 2697 est
807 2652 1018 2697 adultera
1049 2658 1257 2695 monstra
1287 2648 1438 2702 lignea
1468 2648 1646 2693 bovis”.

490 2748 588 2800 Qui
619 2749 943 2801 pleonasmum
976 2762 1023 2791 m
1041 2761 1068 2791 e
1085 2743 1230 2789 ntiri
1276 2743 1574 2789 adultera
1620 2752 1894 2788 monstra
1935 2743 2202 2796 vituperant

489 2844 646 2897 relego
676 2843 736 2887 ad
770 2841 895 2886 Livii
925 2840 1066 2886 illud:
1097 2838 1260 2891 XXV,
1292 2837 1334 2891 3,
1370 2837 1425 2883 10
1446 2837 1627 2883 mentiti
1659 2846 1792 2883 erant
1817 2838 1932 2883 falsa
1953 2837 2201 2891 naufragia.

490 3033 686 3078 Restant
721 3031 979 3077 leviuscula
1008 3030 1254 3084 quaedam.
1286 3028 1444 3074 Versu
1475 3027 1533 3073 55
1564 3029 1756 3073 tortasse
1788 3004 1896 3073 cum
1929 3027 2202 3073 Burmanno

488 3142 576 3182 pro
622 3136 883 3180 turpem
930 3125 1181 3179 legendum
1227 3132 1297 3168 est
1342 3123 1636 3175 tristem;
1683 3137 1825 3168 versu
1872 3121 1931 3167 59
1973 3122 2075 3168 sine
2105 3123 2202 3168 ullo

490 3222 636 3268 dubio
681 3229 955 3274 corruptum
1001 3228 1071 3265 est
1115 3218 1399 3263 vocabulum
1446 3233 1478 3271 p
1493 3232 1522 3263 a
1537 3232 1562 3262 r
1576 3226 1594 3262 t
1610 3232 1650 3270 a,
1697 3232 1783 3270 pro
1830 3232 1926 3271 quo
1973 3217 2065 3262 iam
2099 3216 2201 3262 Itali

405 3375 437 3422 ι)
486 3378 578 3413 Non
614 3388 789 3413 necceue
826 3383 884 3411 ent
921 3387 1004 3410 cum
1040 3374 1261 3409 Housmano
1287 3370 1393 3416 (JPh.
1419 3372 1524 3414 xvl,
1551 3384 1584 3413 p.
1613 3369 1674 3415 1⁵)
1700 3372 1952 3407 accusativum
1979 3370 2013 3406 C
2024 3383 2072 3406 re
2083 3383 2100 3406 ι
2111 3383 2200 3406 aaa

380 3462 390 3472 .
404 3462 414 3473 .
429 3461 439 3472 .
466 3450 503 3472 m
514 3448 535 3471 e
546 3438 671 3472 atita
682 3449 718 3471 ιιι
744 3436 954 3471 reatituere.
