2566 3886
1144 251 1412 298 —304—

352 386 423 432 35.
455 385 527 431 36.
593 383 785 437 Spurios
831 383 972 429 habet
1018 383 1309 429 FonteiniuS.
1357 383 1575 429 Fortasse
1607 399 1702 430 non
1734 385 1927 440 iniuria3
1960 389 2200 442 magistelli

485 480 626 531 enim,
658 494 754 524 non
786 486 965 531 poetae,
998 478 1221 523 videntur
1251 479 1386 523 haec:

602 583 671 619 est
702 574 841 619 etiam
874 573 1059 627 aurigae
1091 573 1271 626 species
1303 573 1611 626 VertumnuS‚
1643 583 1688 619 et
1719 575 1820 621 eius

719 668 895 714 Traicit
923 669 1103 714 alterno
1134 668 1214 722 qui
1246 669 1354 714 leve
1385 670 1572 722 pondus
1604 684 1742 723 equo.

353 847 424 894 39.
486 856 720 901 pastorem
752 848 813 893 ad
844 847 1063 893 baculum
1096 861 1288 900 possum
1319 862 1486 892 curare

343 2037 415 2082 42.

342 2274 413 2319 43.

336 2929 407 2974 47.

335 3160 405 3205 49.

482 943 527 990 C
541 960 572 990 u
586 960 610 989 r
622 959 650 989 a
662 959 687 988 r
698 959 726 989 e
752 944 829 989 hic
861 943 987 988 idem
1019 958 1122 988 esse
1153 951 1293 997 atque
1324 958 1351 988 a
1363 952 1391 996 g
1404 958 1431 988 e
1444 958 1468 987 r
1481 958 1522 995 e,
1549 942 1597 987 id
1615 944 1743 996 quod
1760 945 1860 989 vult
1878 944 2199 992 Rothsteinius

481 1054 739 1092 numquam
772 1039 986 1091 credam3
1018 1038 1133 1092 quid
1165 1039 1494 1090 reponendum
1526 1038 1597 1091 sit,
1631 1039 1872 1092 quaeritur
1888 1054 1900 1091 ;
1926 1040 2056 1085 varia
2071 1042 2198 1087 enim

480 1134 727 1180 coniecere
770 1133 859 1179 viri
906 1133 1046 1178 docti.
1094 1133 1195 1178 Itali
1242 1148 1329 1185 pro
1360 1148 1386 1177 c
1400 1148 1431 1177 u
1445 1148 1469 1177 r
1483 1148 1510 1177 a
1522 1149 1546 1177 r
1557 1148 1584 1178 e
1615 1148 1643 1177 c
1658 1149 1690 1177 u
1706 1149 1730 1177 r
1743 1149 1775 1178 v
1789 1148 1819 1178 a
1833 1149 1857 1178 r
1870 1148 1899 1178 e
1929 1149 2199 1189 reposuere,

481 1229 913 1283 Waardenburgius
944 1244 1030 1282 pro
1076 1244 1102 1273 c
1116 1244 1147 1273 u
1161 1244 1185 1272 r
1197 1243 1224 1273 a
1237 1243 1261 1272 r
1274 1243 1301 1273 e
1348 1243 1369 1273 s
1383 1229 1400 1273 i
1415 1244 1465 1273 m
1480 1244 1513 1272 u
1528 1228 1544 1272 l
1560 1244 1588 1273 a
1602 1244 1627 1273 r
1641 1243 1669 1273 e
1710 1228 1967 1282 proposuit,
2002 1229 2198 1276 Huleatt

479 1322 532 1383 (J
538 1325 623 1369 Ph.
640 1324 778 1376 XIII,
795 1339 839 1376 p.
861 1321 991 1381 103):
1025 1338 1055 1376 p
1068 1339 1095 1368 a
1108 1332 1202 1368 sto
1215 1338 1239 1367 r
1270 1338 1298 1367 o
1313 1338 1344 1367 v
1358 1338 1384 1367 e
1399 1338 1446 1367 m
1474 1323 1534 1367 ad
1549 1322 1768 1367 baculum
1798 1338 1988 1376 possum
2017 1338 2197 1376 curare,

480 1420 731 1465 Housman
778 1417 923 1477 (JPh.
955 1418 1093 1470 XVI,
1125 1434 1169 1471 p.
1205 1416 1313 1476 13):
1360 1419 1434 1463 da
1479 1419 1804 1471 baculum,
1842 1427 2074 1472 pastor
2105 1434 2197 1465 me

479 1531 510 1568 p
526 1531 555 1561 o
572 1531 593 1560 s
610 1531 631 1560 s
648 1531 679 1560 u
696 1530 743 1559 m
775 1529 805 1559 o
821 1530 845 1559 r
861 1530 892 1558 n
910 1529 937 1558 a
952 1530 976 1558 r
991 1529 1032 1559 e.
1066 1513 1191 1558 Mihi
1204 1529 1318 1558 vera
1331 1514 1519 1559 videtur
1532 1513 1922 1568 Waardenburgii
1936 1515 2196 1569 inventum,

477 1611 606 1664 quod
638 1610 738 1663 ipse
769 1607 976 1667 (Opusc.
999 1625 1044 1662 p.
1068 1606 1182 1667 282)
1214 1609 1342 1654 hisce
1374 1608 1532 1653 verbis
1564 1610 1887 1654 commendat:
1920 1609 2196 1662 „Accidisse

477 1704 761 1757 suspicabar,
793 1712 844 1749 ut
863 1703 1002 1748 huius
1018 1703 1153 1748 verbi
1170 1703 1349 1748 litterae
1365 1703 1546 1756 priores
1574 1703 1623 1748 si
1639 1719 1687 1748 m
1719 1703 1927 1756 perirent
1943 1705 2195 1751 devoratae

476 1815 504 1844 a
540 1801 853 1852 praecedente
891 1799 1067 1852 syllaba
1105 1814 1127 1845 s
1141 1815 1172 1845 u
1186 1815 1248 1851 m,
1287 1808 1332 1844 et
1370 1799 1499 1853 quod
1536 1798 1770 1853 reliquum
1809 1809 1907 1845 erat
1944 1800 2113 1846 abiisse
2146 1801 2195 1846 in

477 1896 761 1941 curare’'.

477 2038 635 2083 Versu
678 2037 735 2082 42
778 2037 948 2083 iniuria
990 2037 1345 2083 Luetiohannus
1376 2052 1463 2090 pro
1495 2037 1727 2082 vocabulo
1758 2038 2035 2092 probata,
2066 2040 2195 2093 quod

477 2133 756 2187 exquisita
786 2142 982 2186 vertam,
1014 2133 1312 2178 invenustam
1344 2132 1662 2178 coniecturam
1694 2133 1871 2178 locata
1902 2134 2193 2188 excogitavit.

475 2276 719 2321 caeruleus
751 2275 962 2321 cucumis
993 2275 1270 2328 tumidoque
1301 2271 1545 2320 cucurbita
1574 2283 1741 2320 ventre

532 2386 609 2415 me
640 2378 769 2415 notat
800 2379 846 2415 et
877 2370 1019 2415 iunco
1051 2369 1255 2414 brassica
1286 2369 1443 2414 vincta
1473 2369 1581 2414 levi.

474 2465 665 2511 Notat
708 2465 784 2510 hic
817 2465 1106 2518 aptissimum
1139 2479 1242 2509 esse
1273 2489 1333 2494 —
1363 2464 1489 2508 idem
1522 2463 1649 2508 enim
1682 2464 1807 2509 valet
1836 2473 1977 2518 atque
2009 2465 2191 2519 signi-

471 2561 628 2605 sicat
669 2584 728 2591 —
771 2575 912 2605 nemo
944 2575 1040 2605 non
1071 2559 1225 2612 videt3
1258 2559 1427 2604 iniuria
1458 2559 1594 2612 igitur
1624 2558 1700 2603 hic
1732 2573 1922 2612 quoque
1955 2559 2188 2605 Baehren-

471 2656 566 2700 sius
598 2655 822 2707 optimam
856 2654 1157 2708 Neapolitani
1188 2655 1438 2699 lectionem
1471 2654 1661 2706 sprevit,
1694 2654 1776 2698 sed
1794 2653 2045 2699 absurdam
2063 2655 2189 2699 codi-

469 2766 577 2796 cum
618 2749 664 2795 O
713 2758 897 2795 necat
943 2749 991 2794 in
1038 2758 1260 2803 gravat
1306 2749 1522 2795 correxit.

472 2929 566 2973 Pro
613 2937 669 2973 at
715 2928 865 2972 mihi
909 2936 1235 2981 exspectamus
1266 2927 1356 2972 sic
1387 2927 1552 2979 mihi,
1584 2927 1712 2980 quod
1744 2927 1792 2971 in
1825 2927 2004 2972 editore
2034 2927 2183 2972 Annii

467 3023 781 3068 Viterbiensis
812 3022 991 3076 legitur.

468 3169 514 3204 et
544 3169 609 3212 tu,
643 3160 809 3211 Roma,
842 3159 959 3204 meis
989 3158 1188 3203 tribuisti
1221 3158 1430 3211 praemia
1459 3157 1627 3203 Tuscis

468 3255 780 3300 Baehrensius
808 3270 917 3299 cum
940 3263 1011 3306 et,
1038 3254 1166 3307 quod
1183 3253 1316 3298 estin
1334 3253 1663 3307 Neapolitano,
1678 3267 1810 3297 more
1824 3267 1909 3297 suo
1922 3260 2179 3304 sperneret,

464 3365 620 3404 neque
650 3358 702 3395 at
732 3359 996 3395 ceterorum
1028 3349 1246 3394 codicum
1288 3357 1447 3401 aptum
1480 3348 1612 3393 daret
1643 3362 1848 3399 sensum,
1878 3348 1937 3392 ad
1966 3347 2177 3392 inutilem

465 3445 783 3490 coniecturam
815 3460 875 3490 ac
907 3444 1127 3497 confugit,
1161 3444 1330 3489 iniuria
1361 3453 1531 3495 tamen,
1563 3451 1614 3487 ut
1648 3442 1796 3487 vides.
