2566 3886
349 1644 418 1690 10.

346 1862 418 1909 28.

346 2173 418 2219 37.

347 3141 418 3187 38.

1138 261 1404 306 ——339—

480 391 589 443 Qua
635 392 682 436 in
729 407 781 436 re
818 391 922 436 viro
968 391 1236 436 doctissimo
1283 392 1493 437 assentiri
1525 407 1620 437 non
1658 407 1874 445 possum:
1922 409 2030 438 nam
2062 409 2197 439 voca-

479 486 603 531 tivus
634 487 910 540 imperativo
942 502 1076 531 cave
1106 487 1304 531 addatur
1331 502 1524 532 necesse
1540 496 1610 532 est
1624 484 1710 544 (cf.
1727 503 1917 533 versum
1938 488 2018 541 133
2051 489 2198 534 verba

478 589 657 625 tantum
689 596 879 626 sensum
910 581 1098 633 habent,
1130 581 1168 626 si
1199 581 1428 634 virginem
1451 582 1700 635 alloquitur
1722 579 1899 639 poeta).
1933 582 2198 628 Retinenda

479 675 616 728 igitur
647 675 937 720 Lachmanni
969 675 1298 727 interpunctio.
1332 675 1621 729 Interpretor
1651 677 1798 721 verba
1830 693 1951 730 „qua
1986 686 2198 729 penetrat

479 771 629 814 honos
676 770 958 823 serpentis’':
1011 770 1116 815 ubi
1166 770 1529 815 demittitur
1581 772 1804 815 donum
1858 772 2195 824 serpentis.

480 864 696 908 Ieiunum
728 872 810 916 est,
842 865 970 917 quod
1002 864 1131 908 dedit
1163 863 1419 917 Postgatius
1451 861 1525 921 (in
1557 865 1666 909 edit.
1702 862 1868 922 1894):

630 973 751 1011 quae
782 967 998 1020 penetras
1029 958 1160 1012 virgo
1191 960 1280 1003 tale
1313 959 1413 1010 iter,
1445 974 1586 1003 omne
1618 974 1747 1003 cave.

478 1053 727 1098 Praeterea
758 1068 853 1098 non
886 1053 1113 1098 debuerat
1146 1053 1404 1106 Postgatius
1436 1069 1544 1098 cum
1579 1053 1861 1098 Housmano
1893 1051 2036 1110 (JPh.
2058 1053 2195 1105 XVI,

476 1163 521 1201 p.
556 1145 637 1205 15)
668 1147 789 1192 inter
819 1162 870 1192 se
900 1155 1207 1200 transponere
1238 1148 1435 1192 disticha
1469 1147 1537 1192 ll.
1572 1147 1627 1192 12
1659 1156 1706 1192 et
1735 1147 1866 1193 9.10.
1901 1149 1954 1192 In
1978 1149 2195 1202 Postgatii

476 1242 603 1286 enim
634 1249 763 1286 textu
794 1256 1056 1294 pronomen
1094 1241 1210 1286 ille
1248 1256 1592 1294 supervacuum
1631 1251 1714 1294 est,
1746 1257 1854 1286 cum
1888 1243 1979 1287 iam
2010 1258 2196 1296 praece-

476 1335 605 1380 denti
652 1350 793 1380 versu
837 1337 897 1380 de
942 1345 1159 1388 serpente
1206 1351 1363 1380 sermo
1409 1337 1559 1381 fuerit.
1593 1337 1648 1381 In
1681 1345 1808 1381 textu
1841 1346 1995 1382 autem
2027 1337 2196 1382 tradito

476 1438 602 1475 recte
633 1430 754 1475 inter
785 1445 834 1474 se
865 1440 1168 1484 opponuntur
1199 1431 1396 1483 „puella,
1429 1431 1561 1476 cuius
1585 1446 1750 1476 manus
1773 1432 1951 1477 raditur
1968 1431 2196 1485 serpentis

480 1525 607 1576 ore”,
638 1533 684 1569 et
715 1524 829 1569 ille
860 1524 932 1569 i.e.
965 1540 1172 1579 serpens,
1204 1525 1284 1579 qui
1316 1540 1445 1570 escas
1477 1525 1615 1570 avide
1646 1526 1851 1579 corripit.

480 1644 607 1690 Cum
640 1644 974 1690 Cornelisseno
1005 1643 1138 1703 (Mn.
1171 1645 1283 1690 N.S.
1317 1646 1357 1698 7,
1390 1662 1434 1699 p.
1470 1643 1581 1703 109)
1612 1648 1738 1699 lego:

567 1755 676 1784 cum
703 1748 759 1784 te
773 1755 804 1784 n
818 1755 845 1784 e
857 1755 918 1784 ra
942 1741 1144 1793 anguino
1172 1756 1196 1785 r
1209 1756 1235 1785 a
1249 1742 1279 1784 d
1292 1741 1306 1785 i
1321 1750 1337 1785 t
1350 1757 1381 1785 u
1393 1756 1417 1785 r
1444 1756 1526 1785 ore
1544 1756 1723 1792 manus,
1740 1741 1798 1785 cf.
1816 1756 1902 1785 nos
1918 1742 1991 1786 ad.
2010 1741 2046 1793 1,
2067 1740 2135 1793 14,
2153 1741 2194 1786 5.

480 1863 672 1907 multato
703 1863 832 1908 volui
864 1872 1013 1907 castra
1043 1879 1238 1908 movere
1270 1872 1372 1908 toro

480 1957 637 2002 Miror
676 1958 804 2011 quod
850 1958 1166 2003 Phillimorius
1213 1959 1472 2003 multato
1519 1958 1679 2010 edidit,
1725 1973 1811 2010 pro
1843 1973 1937 2012 quo
1969 1958 2060 2003 iam
2093 1959 2194 2003 Itali

479 2067 526 2096 m
541 2067 572 2096 u
586 2060 603 2096 t
615 2067 642 2096 a
655 2060 673 2096 t
685 2067 714 2096 o
753 2051 1052 2104 scripserunt.

481 2173 749 2227 Lygdamus
780 2175 839 2219 ad
870 2175 1077 2227 cyathos,
1110 2175 1295 2227 utrique
1326 2176 1502 2221 aestiva
1532 2177 1742 2229 supellex

480 2268 589 2313 Hoc
636 2284 825 2322 quoque
871 2270 990 2321 loco,
1037 2285 1321 2322 quamquam
1366 2270 1533 2315 leviter
1574 2280 1820 2324 corruptus
1864 2280 1946 2323 est,
1973 2271 2194 2325 Neapoli-

479 2371 612 2408 tanus
655 2363 847 2416 vestigia
884 2363 984 2408 veri
1017 2363 1183 2408 melius
1215 2364 1421 2409 servavit
1451 2380 1592 2417 quam
1625 2365 1767 2410 ceteri
1800 2365 2000 2410 codices.
2033 2365 2194 2410 Nemo

477 2457 619 2510 enim,
662 2458 750 2503 nisi
793 2458 875 2511 qui
919 2458 1190 2512 opinionem
1222 2458 1363 2503 habet
1395 2460 1772 2512 praeindicatam,
1805 2460 2046 2512 dubitabit,
2078 2461 2191 2514 quin

479 2550 695 2606 scaligeri
727 2553 994 2598 emendatio
1038 2554 1302 2607 vitriqu
1320 2569 1347 2598 e
1393 2570 1480 2607 pro
1517 2555 1747 2608 utriqu
1765 2570 1792 2599 e
1823 2553 1916 2612 (sic
1949 2552 2040 2618 N),
2072 2570 2193 2609 quae

478 2655 719 2698 praeterea
742 2633 1018 2692 ¹defenditur
1049 2647 1213 2700 Copae
1235 2663 1375 2693 versu
1397 2648 1478 2693 29:
1512 2649 1578 2701 „si
1606 2650 1742 2702 sapis,
1763 2649 1941 2694 aestivo
1962 2650 2193 2694 recubans

478 2748 524 2785 te
554 2741 719 2793 prolue
749 2741 915 2793 vitro”,
938 2741 1081 2794 ipsius
1103 2750 1268 2794 poetae
1291 2758 1482 2787 manum
1503 2743 1770 2788 felicissime
1802 2744 2023 2788 restituat.
2056 2744 2193 2788 Errat

479 2835 615 2888 igitur
646 2835 972 2887 BaehrensiuS,
1004 2835 1084 2889 qui
1116 2851 1143 2880 a
1174 2837 1373 2881 lectione
1406 2837 1473 2882 O:
1505 2846 1770 2891 uterque
1802 2839 2036 2890 profectus
2067 2853 2191 2882 cra-

479 2937 702 2982 terque
733 2929 976 2981 proponit;
1008 2945 1163 2982 neque
1195 2931 1456 2975 audiendus
1488 2940 1558 2976 est
1589 2931 1912 2985 Rossbergius,
1944 2932 2024 2984 qui
2054 2929 2192 2977 Uter

478 3020 674 3080 (ἀσκός)
709 3036 746 3070 4-
781 3037 896 3076 que
928 3023 1128 3075 explicat
1157 3021 1347 3081 (Fleck.
1378 3025 1540 3069 Jahrb.
1574 3025 1688 3070 1883
1719 3042 1763 3079 p.
1796 3023 1894 3084 76).

480 3151 527 3187 et
557 3143 885 3195 Methymnaei
918 3142 1102 3188 Graeca
1132 3144 1276 3188 saliva
1306 3145 1437 3189 meri.

477 3236 572 3281 Pro
619 3236 893 3289 Graeca,
940 3237 1069 3290 quod
1114 3237 1310 3291 legimus
1356 3239 1403 3283 in
1452 3239 1605 3291 NFL,
1652 3240 1750 3284 DV
1781 3240 1955 3284 habent
1991 3249 2187 3293 grata.

481 3330 787 3375 Housmanus
818 3328 962 3389 (JPh.
988 3331 1125 3383 XXI,
1141 3329 1252 3389 178)
1268 3333 1516 3377 lectionem
1534 3333 1631 3378 DV
1647 3334 1869 3386 defendit,
1886 3335 2187 3386 comparatis:

478 3424 616 3470 Plinii
659 3426 705 3470 h.
749 3440 795 3468 n.
831 3424 969 3477 XIV,
1002 3425 1026 3469 1
1060 3424 1087 3469 3
1119 3429 1144 3478 5
1176 3425 1255 3470 16:
1301 3427 1401 3471 aliis
1432 3424 1590 3485 (uvis)
1620 3428 1825 3480 gratiam,
1863 3428 1943 3481 qui
1975 3437 2021 3473 et
2051 3429 2187 3482 vinis,
