2566 3886
1122 297 1388 342 -235—

464 439 510 476 et
552 439 794 483 praeterea
835 429 1063 474 sententia
1105 428 1306 473 obscura
1348 434 1518 471 manet.
1562 425 1653 470 Vir
1695 426 1860 470 doctus
1897 424 2021 470 Reid
2052 424 2178 477 apud

466 526 748 579 Postgatium
795 523 988 583 (Select.
1022 524 1205 577 Elegies
1236 537 1281 575 p.
1316 519 1427 579 170)
1470 521 1708 575 ingeniose
1739 520 1964 566 coniecit:
1997 520 2180 573 „palma

463 619 556 678 (sic
593 620 717 677 Itali)
748 636 837 665 nec
868 636 895 665 e
927 619 1033 665 Coo
1065 618 1252 664 ducitur
1282 617 1360 662 illa
1389 617 1540 670 iugo’'.
1574 615 1808 669 Equidem
1840 629 2013 660 censeo
2043 629 2179 660 voca-

464 715 628 760 bulum
660 715 706 759 fl
720 730 746 760 a
760 730 806 759 m
821 730 867 759 m
881 729 909 759 a
939 729 1041 759 esse
1073 713 1387 764 retinendum,
1408 711 1582 756 deinde
1604 726 1712 756 cum
1736 709 2014 755 Rothsteino
2037 709 2180 762 expli-

464 810 696 855 candum:
729 808 1115 861 ‚,Feuerzeichen
1147 807 1341 852 werden
1376 821 1468 851 nur
1501 820 1596 850 von
1620 806 1713 850 den
1736 805 1964 850 hochsten
1988 803 2178 856 Spitzen

464 921 547 951 aus
578 905 829 959 gegeben'’.

467 1000 607 1045 Hanc
639 998 997 1053 explicationem
1030 997 1112 1043 toti
1143 997 1253 1042 huic
1284 997 1388 1042 loco
1419 995 1708 1049 aptissimum
1742 1009 1844 1040 esse
1875 995 2123 1046 concedes,
2140 995 2178 1039 si

462 1095 601 1140 etiam
621 1109 742 1148 quae
773 1094 1062 1147 praecedunt
1091 1107 1186 1137 una
1215 1107 1323 1137 cum
1355 1099 1515 1159 nostro
1546 1105 1688 1135 versu
1720 1105 2012 1143 exposuerog
2046 1089 2179 1142 „Cur

462 1190 548 1241 vis,
602 1188 856 1234 clarissime
903 1188 1174 1239 Maecenas,
1221 1186 1373 1239 inquit
1417 1194 1569 1240 poeta,
1616 1200 1692 1230 me
1742 1185 1928 1239 epicum
1975 1194 2178 1238 pangere

461 1299 675 1336 carmem
707 1299 802 1329 non
835 1283 873 1328 is
903 1298 1022 1335 sum,
1054 1282 1135 1337 qui
1167 1282 1257 1327 tale
1288 1281 1403 1334 quid
1434 1288 1670 1333 praestare
1702 1279 1902 1332 possim;
1942 1282 2077 1333 turpe
2110 1288 2179 1325 est

462 1394 583 1424 onus
628 1387 814 1431 portare
860 1378 983 1423 velle
1020 1376 1207 1431 gravius
1238 1391 1380 1429 quam
1412 1391 1500 1429 pro
1531 1375 1726 1427 viribus,
1758 1390 1853 1420 non
1885 1375 2044 1420 omnia
2075 1389 2177 1427 pos-

465 1488 627 1519 sumus
657 1488 822 1518 omnes
853 1481 900 1518 et
930 1472 967 1517 si
1000 1472 1105 1526 quis
1136 1471 1273 1517 alicui
1304 1472 1373 1516 rei
1405 1486 1501 1516 non
1533 1486 1618 1524 par
1649 1478 1732 1521 est,
1764 1470 1802 1514 si
1834 1469 2020 1523 ingenio
2037 1478 2177 1522 caret,

462 1569 576 1613 nihil
608 1577 734 1622 aget:
766 1583 923 1620 neque
953 1567 1079 1613 enim
1111 1567 1298 1612 flamma
1329 1566 1438 1611 duci
1470 1566 1746 1611 soletaloco
1763 1580 1915 1618 aequo
1932 1573 1977 1610 et
1994 1565 2177 1617 plano.”

461 1663 570 1715 Cui,
617 1672 667 1708 ut
715 1663 902 1716 Paleyo,
949 1663 1162 1715 displicet
1208 1662 1391 1716 iugum
1451 1676 1701 1730 aequum,
1743 1660 1884 1713 iugo
1930 1660 1978 1705 in
2034 1661 2177 1706 loco

462 1759 695 1813 corrigere
737 1767 901 1812 potest,
933 1759 1061 1812 quod
1093 1759 1131 1803 si
1163 1773 1268 1803 mea
1298 1757 1568 1803 coniectura
1599 1771 1712 1801 vera
1743 1764 1826 1808 est,
1859 1755 1998 1800 etiam
2032 1754 2071 1799 1.
2107 1753 2176 1806 13,

463 1854 520 1899 24
551 1869 579 1899 a
608 1854 808 1899 librariis
839 1863 1112 1908 corruptum
1145 1862 1227 1898 est.

331 2048 399 2094 13.
460 2058 732 2103 argumenta
763 2050 906 2103 magis
938 2058 1045 2095 sunt
1078 2049 1312 2094 Mentoris
1343 2049 1501 2094 addita
1530 2049 1724 2094 formae.

463 2143 598 2190 Cave
630 2160 691 2189 ne
723 2160 831 2189 cum
864 2145 1097 2199 Postgatio
1129 2159 1215 2197 pro
1246 2145 1316 2189 ad
1334 2145 1464 2189 dita
1494 2144 1698 2189 conicias
1726 2144 1921 2188 inclita
1952 2143 2009 2188 cf.
2032 2143 2175 2196 Verg.

464 2239 621 2293 Eclog.
654 2239 696 2291 3,
728 2239 888 2294 36sqq.
1804 2240 1972 2292 pocula
2002 2254 2174 2293 ponam

954 2335 1117 2389 fagina,
1165 2336 1392 2381 caelatum
1446 2335 1594 2380 divini
1646 2350 1764 2389 opus
1816 2334 2174 2387 Alcimedontis,

944 2432 1068 2476 lenta
1098 2431 1269 2485 quibus
1300 2440 1437 2476 torno
1468 2431 1590 2476 facili
1622 2430 2035 2484 superaddita
2069 2429 2175 2475 vitis

942 2527 1134 2572 diffusos
1162 2528 1339 2572 hedera
1366 2527 1506 2571 vertit
1533 2527 1734 2579 pallente
1764 2525 2015 2578 corymbos

462 2620 634 2665 forma
664 2637 759 2667 non
791 2637 899 2667 cum
932 2623 1164 2676 Postgatio
1196 2623 1380 2668 mould
1413 2620 1606 2680 (Select.
1638 2622 1711 2666 El.
1742 2637 1787 2675 p.
1820 2618 1923 2680 172)
1952 2621 2175 2673 interpre-

461 2723 547 2767 tor,
580 2716 662 2761 sed
694 2717 912 2769 model,
944 2717 1167 2771 design
1199 2733 1307 2763 cum
1330 2718 1519 2770 Paleyo.
1552 2717 1747 2770 Magis
1780 2716 2026 2762 Schulzius
2048 2724 2175 2761 recte

463 2811 601 2856 vertit
631 2809 796 2868 (Rom.
831 2812 924 2856 El.⁴
954 2828 998 2866 p.
1031 2810 1170 2870 219)=
1210 2814 1378 2858 mehr
1415 2813 1505 2858 als
1542 2812 1640 2857 bei
1679 2813 1973 2857 anderen.

333 3004 520 3049 15-16.
553 3005 621 3050 Hi
652 3021 817 3050 versus
849 3007 962 3059 quin
994 3007 1096 3052 iure
1128 3016 1178 3051 ut
1209 3008 1353 3061 spurii
1385 3023 1412 3052 a
1444 3007 1689 3060 Risbergio
1720 3005 1994 3065 (Emendat.
2027 3022 2072 3059 p.
2089 3004 2174 3063 39)

464 3099 555 3144 sint
586 3100 725 3145 deleti
757 3116 948 3153 prorsus
979 3117 1074 3146 non
1107 3102 1283 3146 dubito.

466 3194 611 3239 Poeta
641 3195 767 3239 enim
800 3196 860 3240 de
891 3195 1032 3240 variis
1063 3196 1308 3241 hominum
1342 3197 1504 3241 studiis
1535 3206 1675 3250 agens
1707 3205 1975 3241 enumerat:

466 3289 706 3333 statuarios
737 3287 950 3347 (9—10),
979 3290 1177 3343 pictores
1209 3288 1451 3348 (ll—12),
1479 3293 1731 3336 caelatores
1763 3288 2006 3349 (13—14),
2024 3292 2173 3344 sculp-

466 3392 589 3429 tores
620 3382 863 3442 (15—16),
895 3385 1122 3438 agonistas
1154 3383 1396 3444 (17—10)‚
1428 3386 1555 3431 viros
1587 3386 1763 3437 civiles,
1796 3385 2016 3430 militares
2047 3383 2171 3443 (19).

465 3478 550 3531 „In
582 3494 677 3531 quo
708 3480 914 3532 offendit,
946 3480 1098 3533 inquit
1130 3480 1413 3534 Risbergius,
1446 3490 1493 3526 et
1522 3482 1650 3535 quod
1668 3481 1776 3526 artis
1793 3481 1996 3534 fingendi
2014 3480 2173 3533 peritis
