2566 3886
316 2421 387 2465 47.

308 2610 379 2655 49.

1134 283 1281 331 -68
1313 311 1371 316 --

459 417 683 469 entsteht;
722 417 808 461 der
845 416 1007 470 iibrige
1046 417 1229 470 Korper
1266 418 1324 463 ist
1361 418 1602 470 verdeckt,
1635 433 1730 464 von
1768 419 1854 465 der
1885 419 2010 466 Welt
2040 421 2173 476 abge-

457 513 711 564 schlossen,
744 513 895 557 durch
927 513 1004 557 die
1034 513 1147 567 jetzt
1178 513 1604 567 herabhiingenden
1625 514 1885 568 m’achtigen
1906 515 2070 570 Fliigel
2090 518 2176 562 der

458 606 762 660 Ungeheuer,
784 623 846 653 zu
870 609 1026 653 denen
1049 609 1135 653 der
1172 608 1328 653 kleine
1364 608 1548 661 Korper
1579 610 1662 654 des
1679 611 1959 656 schwachen
1977 611 2175 657 Knaben

455 701 594 746 einen
655 702 929 747 riihrenden
978 702 1246 757 Gegensatz
1292 704 1481 749 bildet.”
1529 703 1621 750 Sed
1663 720 1757 751 non
1804 705 1940 751 facile
1981 707 2170 752 credam

456 797 836 842 secludendi
884 798 1085 843 verbum
1117 800 1244 844 nude
1276 799 1478 854 positum
1511 801 1639 846 nulla
1668 816 1721 846 re
1752 801 1811 846 ad
1845 801 2174 854 explicandum

454 893 610 938 addita
641 894 762 938 verti
793 909 954 947 posse:
997 911 1116 940 von
1159 896 1269 941 der
1300 895 1463 941 Welt
1503 896 2017 950 abgeschlossen.

455 1083 561 1130 Scio
593 1101 670 1130 me
702 1085 863 1138 paucis
895 1101 1228 1138 persuasurum
1262 1102 1378 1139 esse,
1411 1102 1520 1132 cum
1553 1087 1686 1131 multi
1720 1087 1937 1132 hodierni
1956 1087 2177 1142 philologi

452 1190 612 1234 aperte
666 1190 886 1234 corrupta
938 1182 1197 1227 defendere
1250 1182 1413 1227 malint
1465 1197 1606 1235 quam
1654 1181 1861 1226 adhibita
1906 1182 2175 1228 coniectura

450 1275 646 1321 fortasse
678 1276 868 1329 incerta,
901 1277 984 1321 sed
1017 1277 1195 1322 bonum
1224 1292 1414 1322 sensum
1438 1277 1693 1330 praebente
1717 1277 1764 1321 in
1787 1277 1993 1322 tenebris
2015 1278 2170 1323 lucem

451 1372 643 1425 afferre;
691 1372 913 1425 equidem
964 1388 1072 1417 cum
1122 1372 1388 1417 Hartmano
1434 1372 1580 1417 miror
1624 1372 1811 1418 Heinsii
1854 1373 2172 1419 coniecturam

451 1466 590 1511 nimis
622 1475 800 1512 temere
832 1476 1035 1520 spretam
1069 1483 1185 1520 esse,
1228 1483 1384 1520 neque
1422 1467 1548 1512 enim
1581 1482 1748 1513 revera
1779 1475 1872 1513 tam
1904 1468 2058 1513 audax
2089 1476 2172 1521 est,

449 1577 591 1616 quam
623 1562 834 1608 videtur:

606 1658 683 1703 ille
715 1659 799 1703 sed
831 1666 1041 1703 extrema
1071 1659 1331 1711 pendentes
1363 1658 1481 1703 ludit
1511 1658 1559 1703 in
1591 1659 1675 1703 ala.

450 1754 706 1805 Quomodo
738 1769 819 1799 eos
851 1754 979 1799 ludat
1013 1754 1179 1806 Hylas,
1211 1754 1349 1798 docet
1378 1768 1580 1806 sequens
1606 1767 1783 1805 versuS,
1806 1768 1949 1805 quem
1973 1753 2170 1799 nonnuli

447 1849 513 1894 sic
536 1849 915 1902 interpretantur,
937 1858 988 1894 ut
1012 1849 1165 1902 Hylas
1188 1864 1238 1894 se
1260 1849 1308 1893 in
1330 1848 1495 1893 silvam
1527 1856 1814 1901 prorumpat,
1832 1848 1912 1893 ubi
1931 1848 2167 1893 Boreades

446 1945 587 1990 ramis
613 1945 826 1997 impediti
850 1946 1010 1990 volare
1035 1960 1130 1989 non
1162 1944 1353 1998 possint,
1386 1944 1514 1996 quod
1545 1952 1702 1988 tamen
1734 1943 1966 1988 vocabulo
1997 1958 2166 1989 ramo

448 2055 544 2084 non
583 2040 716 2085 facile
759 2040 915 2085 excuti
952 2040 1119 2094 possit;
1158 2041 1282 2085 malo
1320 2040 1456 2093 igitur
1499 2040 1656 2084 locum
1698 2038 1763 2083 sic
1803 2038 2072 2092 intelligere,
2116 2047 2168 2084 ut

444 2135 643 2187 iuvenis,
676 2136 790 2180 dum
823 2135 980 2188 currit,
999 2151 1141 2188 supra
1172 2144 1311 2188 caput
1337 2150 1520 2180 ramum
1545 2135 1686 2186 tollat,
1709 2149 1769 2178 ne
1791 2134 1951 2179 oscula
1973 2148 2165 2188 carpere

444 2231 623 2284 possint
655 2230 811 2275 Calais
843 2239 890 2276 et
921 2230 1077 2275 Zetes.

449 2421 719 2474 prolapsum
751 2420 918 2465 leviter
947 2420 1071 2464 facili
1102 2429 1287 2465 traxere
1318 2420 1527 2473 liquore:

562 2525 661 2561 tum
693 2515 898 2561 sonitum
931 2524 1063 2567 rapto
1095 2529 1294 2567 corpore
1325 2514 1435 2559 fecit
1468 2514 1636 2566 Hylas.

442 2611 518 2655 cui
551 2612 716 2664 procul
747 2610 942 2655 Alcides
974 2611 1108 2655 iterat
1139 2625 1376 2665 responsa,
1410 2610 1492 2655 sed
1525 2610 1590 2654 illi

561 2721 735 2751 nomen
767 2705 826 2751 ab
859 2707 1080 2751 extremis
1113 2705 1317 2751 fontibus
1349 2721 1462 2750 aura
1493 2706 1648 2751 refert.

440 2800 623 2846 Versus
639 2799 816 2846 48—50
848 2810 1091 2854 corruptos
1123 2816 1226 2846 esse
1242 2816 1338 2846 non
1356 2802 1514 2853 cred0,
1531 2802 1615 2846 sed
1632 2810 1831 2855 agnosco
1854 2800 2153 2854 Propertium

439 2896 729 2949 paucissimis
738 2896 895 2942 verbis
903 2897 1105 2949 plurima
1112 2896 1494 2942 dicentem.Nam
1503 2905 1749 2950 postquam
1760 2896 1912 2949 Hylas
1920 2896 1968 2941 in
1976 2897 2153 2942 fontem

440 3000 613 3036 tractus
645 2991 849 3036 sonitum
867 2992 987 3046 fecit,
1007 2991 1244 3036 Hercules
1260 2992 1465 3036 clamore
1482 2991 1757 3045 perterritus
1773 2991 1999 3036 amasium
2016 3006 2154 3037 suum

437 3095 587 3139 vocat,
620 3102 824 3140 cumque
856 3087 971 3131 nihil
1002 3086 1172 3138 audiat,
1205 3087 1363 3131 denuo
1393 3101 1502 3131 eum
1534 3095 1684 3138 vocat,
1716 3094 1766 3130 ut
1783 3087 1825 3130 ei
1844 3086 2059 3131 clamanti
2076 3087 2154 3132 vel

436 3182 590 3234 potius
622 3196 790 3227 sonum
822 3181 1008 3226 facienti
1040 3182 1334 3234 respondeat.

439 3276 574 3322 Haec
622 3277 769 3321 verba
814 3276 892 3321 illa
938 3275 1125 3321 iterat
1162 3290 1470 3328 responsa
1519 3276 1606 3321 sibi
1638 3276 1761 3321 velle
1805 3276 1920 3321 mihi
1957 3275 2150 3329 quidem

438 3386 714 3424 persuasum
773 3380 855 3416 est.
901 3371 1060 3416 Versu
1092 3369 1149 3415 50
1197 3378 1352 3415 tamen
1399 3386 1485 3424 pro
1531 3371 1596 3415 fo
1613 3386 1644 3415 n
1661 3371 1759 3415 tib
1777 3387 1807 3416 u
1826 3386 1847 3416 s
1897 3370 2152 3416 montibus

433 3467 646 3519 restituo;
679 3466 960 3511 describitur
991 3466 1117 3511 enim
1150 3466 1290 3518 echo;
1323 3466 1361 3511 si
1393 3480 1452 3510 ex
1475 3465 1679 3511 fontibus
1695 3481 1870 3512 nomen
1887 3474 2151 3518 reportatur
