2566 3886
330 968 401 1014 50.

333 1659 404 1704 57.

335 1968 406 2013 59.

334 2088 406 2134 70.

1119 241 1386 286 -346-

460 374 608 418 ssavo
654 373 806 417 crine
853 373 907 417 in
953 373 1171 418 fuscum
1219 382 1427 419 mutato
1459 374 1520 419 ait
1553 373 1800 426 Heynius3
1832 374 1999 419 melius
2032 374 2068 418 Ι.
2102 373 2169 418 H.

461 469 660 514 Vossius
712 483 896 513 comam
948 483 1161 520 asperam
1208 477 1254 512 et
1300 468 1500 521 crispam
1547 470 1645 513 sole
1690 468 1791 513 fieri
1836 468 2070 520 observat,
2115 468 2176 513 cf.

463 563 831 617 Hertzbergium
884 564 942 607 ad
997 563 1124 607 hunc
1176 577 1383 607 versum.
1437 562 1624 608 Collato
1676 562 1798 608 Hor.
1846 562 1934 615 Ep.
1981 562 2044 615 ΙΙ,
2091 562 2176 607 41:

463 668 719 711 perusta
750 658 978 703 solibus
1010 673 1179 710 uxor,
1222 659 1350 711 quod
1382 659 1443 702 de
1473 658 1606 703 faciei
1636 658 1770 703 fusco
1801 658 1959 703 colore
1991 657 2177 710 dicitur,

463 754 737 799 Baehrensii
782 754 1052 798 coniectura
1098 768 1212 798 vera
1257 753 1409 798 videri
1455 762 1624 807 posset,
1671 753 1760 798 nisi
1806 769 1852 798 v.
1899 752 1956 798 45
1993 752 2086 798 iam
2117 753 2178 798 de

463 850 643 894 vultu
675 849 851 893 mentio
883 856 1005 893 esset
1033 848 1167 893 facta.

463 977 510 1012 et
540 967 756 1012 manibus
788 966 918 1012 duris
949 975 1056 1019 apta
1086 967 1243 1020 puella
1273 967 1340 1012 fui

466 1064 575 1108 Iure
637 1063 936 1108 Burmannus
996 1063 1123 1107 hunc
1184 1078 1375 1108 versum
1422 1064 1561 1108 valde
1607 1063 1889 1109 mendosum
1942 1062 2069 1115 dicit,
2101 1062 2178 1108 cui

467 1159 758 1203 Hartmanus
819 1158 1123 1211 adstipulatus
1179 1166 1249 1203 est
1294 1158 1342 1202 in
1388 1158 1547 1203 libello
1593 1158 1669 1203 cui
1715 1158 1874 1203 titulus
1928 1157 1969 1203 E
1986 1173 2061 1203 en
2105 1173 2180 1203 en

465 1255 672 1298 ander
717 1268 878 1298 over
924 1253 1327 1305 Propertius
1374 1250 1445 1310 (p.
1493 1251 1561 1311 9).
1603 1253 1839 1308 Equidem
1871 1268 1967 1298 non
1999 1253 2179 1305 dubito,

466 1350 580 1403 quin
609 1365 717 1394 cum
751 1349 1023 1394 Burmanno
1055 1349 1383 1401 reponendum
1415 1348 1501 1394 sit:

584 1460 689 1489 nec
721 1444 937 1489 manibus
969 1444 1098 1488 duris
1130 1452 1237 1496 apta
1272 1444 1531 1497 quasilla
1570 1444 1693 1489 tuli.

464 1540 576 1585 Vox
606 1540 755 1584 rarior
786 1555 817 1592 q
834 1555 865 1584 u
882 1539 1084 1583 asilla
1113 1539 1250 1583 facile
1282 1539 1329 1583 in
1362 1553 1393 1591 p
1410 1554 1441 1583 u
1458 1539 1593 1583 ella
1623 1538 1863 1591 corrumpi
1895 1538 2059 1591 potuit.

468 1659 697 1712 Magnum
729 1657 933 1703 Tiresias
964 1658 1144 1710 aspexit
1174 1658 1365 1702 Pallada
1394 1665 1525 1702 vates

468 1753 524 1798 M
542 1763 612 1807 ag
628 1769 700 1798 na
716 1769 763 1798 m
805 1753 1017 1798 defendit
1063 1752 1432 1806 Hertzbergius;
1476 1753 1560 1798 sed
1606 1767 1770 1798 sensus
1813 1751 2023 1806 requirit,
2054 1751 2183 1806 quod

469 1849 755 1894 Passeratius
785 1848 991 1893 invenit:
1033 1857 1237 1901 magno
1276 1848 1305 1892 i.
1323 1863 1364 1893 e.
1397 1856 1565 1901 magno
1597 1848 1761 1901 pretio.

467 1968 595 2013 Vide
627 1983 713 2013 nos
744 1968 819 2020 ad,
852 1968 914 2020 ΙΙ,
949 1966 1019 2020 16,
1054 1967 1123 2011 11.

470 2095 510 2135 ÷
547 2087 760 2132 Hercule
791 2086 1122 2132 exterminium
1154 2086 1301 2131 nescit
1339 2089 1378 2130 ÷
1413 2086 1561 2132 inulta
1590 2086 1687 2131 sitis

470 2183 546 2229 Sic
577 2183 772 2237 legimus
802 2184 931 2228 hunc
961 2198 1153 2228 versum
1185 2182 1233 2227 in
1265 2182 1440 2234 NFD;
1471 2196 1503 2226 v
1535 2182 1651 2226 haec
1682 2180 1848 2226 habet:

470 2278 797 2324 Herculis
840 2277 1071 2323 eximii
1115 2292 1191 2322 ne
1233 2276 1321 2321 sit
1363 2276 1580 2321 inulta
1625 2275 1808 2328 sitis;

468 2373 691 2419 eximii
738 2382 895 2418 tamen
926 2371 1354 2425 languidissimum3
1392 2370 1559 2415 melius
1590 2369 1635 2415 S.
1667 2369 1729 2415 G.
1762 2369 1918 2415 Owen
1939 2366 1994 2427 l),
2040 2384 2184 2423 quem

468 2478 655 2516 secutus
686 2478 756 2514 est
786 2468 1131 2514 Phillimorius:
1165 2465 1468 2511 Herculis
1500 2464 1748 2510 exclusi
1779 2479 1849 2509 ne
1880 2464 1962 2509 sit
1991 2464 2187 2510 inulta

470 2565 642 2611 sitis.

471 2661 571 2714 Ego
616 2675 726 2704 cum
759 2659 1025 2704 Hartmano
1055 2667 1103 2703 et
1133 2656 1428 2703 Rothsteinio
1459 2671 1621 2701 veram
1653 2656 1778 2701 duco
1810 2653 1998 2700 Heinsii
2029 2668 2187 2699 emen·

470 2756 737 2801 dationem:

593 2850 817 2896 Herculis
848 2858 1091 2894 aeternum
1123 2863 1184 2893 ne
1215 2848 1273 2892 sit
1303 2847 1449 2892 inulta
1480 2846 1589 2891 sitis.

339 2971 410 3016 71.
443 2970 514 3015 72.
547 2969 935 3015 Schneidewinus
967 2976 1014 3012 et
1044 2967 1295 3020 Diltheyus
1326 2964 1430 3024 (De
1458 2963 1829 3017 Call.Cydippa‚
1847 2978 1891 3016 p.
1911 2958 2022 3020 103)
2039 2961 2110 3007 71.
2129 2960 2187 3006 73

472 3073 857 3118 transposuerunt
893 3072 998 3117 post
1029 3062 1100 3107 73.
1133 3061 1215 3114 74;
1248 3061 1419 3115 quibus
1450 3059 1696 3105 oblocutus
1727 3067 1798 3103 est
1829 3057 1943 3103 Otto
1974 3054 2184 3115 (BphW.

477 3159 605 3212 1885,
637 3176 682 3213 p.
714 3157 868 3217 486.):
901 3173 1038 3211 „man
1070 3159 1150 3202 hat
1180 3157 1257 3201 die
1290 3156 1495 3201 Partikel
1526 3155 1622 3199 sic
1653 3169 1699 3198 v.
1731 3153 1788 3197 74
1805 3152 1932 3197 nicht
1948 3151 2187 3203 beachtet;

476 3255 559 3299 mit
602 3255 780 3300 diesem
826 3254 878 3299 si
896 3269 922 3298 c
964 3253 1061 3297 will
1092 3252 1305 3304 Properz
1335 3251 1460 3296 ohne
1492 3248 1689 3293 Zweifel
1719 3246 2079 3292 zuriickweisen
2110 3245 2190 3290 auf

477 3349 554 3394 die
585 3349 838 3402 Aurufung
869 3348 901 3393 S
917 3363 944 3393 a
956 3364 987 3392 n
1004 3363 1030 3392 c
1047 3355 1065 3391 t
1077 3363 1104 3392 e
1136 3362 1167 3399 p
1180 3361 1207 3390 a
1222 3355 1240 3390 t
1257 3361 1284 3390 e
1300 3361 1337 3389 r.
1369 3344 1474 3389 Wir
1503 3343 1658 3388 haben
1681 3343 1779 3387 also
1801 3341 1849 3386 in
1871 3356 1917 3386 v.
1934 3339 2066 3385 73.74
2081 3339 2188 3384 eine

392 3449 424 3495 ¹)
473 3453 551 3486 Alii
576 3453 647 3486 nli·
673 3452 718 3485 cf.
744 3451 937 3485 Bahrcnnii
961 3462 1042 3490 app.
1067 3461 1119 3483 cr.
1143 3456 1181 3483 ct
1208 3448 1367 3483 Houum.
1390 3446 1468 3480 JPh
1492 3446 1598 3487 XVI,
1623 3457 1657 3485 p.
1685 3445 1740 3479 15.
