2566 3886
1132 291 1189 297 -
1222 265 1398 311 342-

476 406 654 449 astra‚
686 397 944 441 caminis
976 411 1078 441 esse
1110 396 1279 441 addita.
1308 396 1523 441 Tertium
1549 397 1818 449 exemplum
1845 411 1940 441 non
1964 396 2188 441 idoneum

476 500 545 536 est
587 493 646 536 ad
696 507 833 536 usum
884 491 1111 544 participii
1167 492 1435 535 eductus
1485 490 1825 535 illustrandum.
1874 490 1984 535 Duo
2033 499 2188 535 autem

477 586 808 630 Lachmannus
839 586 1055 639 exempla
1085 586 1176 637 dat,
1209 585 1290 629 ubi
1322 593 1505 629 montes
1531 585 1857 629 nominantur:

475 681 653 725 Lucan.
687 680 748 732 ΙΙ,
781 679 867 725 428
900 681 959 724 de
991 680 1276 732 Apennino:

902 775 1082 828 longior
1114 775 1285 819 educto
1317 789 1410 826 qua
1441 774 1584 827 surgit
1615 773 1663 818 in
1695 789 1803 818 aera
1834 774 1976 819 dorso

473 869 582 915 Stat.
614 869 767 915 Theb.
802 870 887 921 ΙΙΙ,
920 869 1008 914 460

899 980 1035 1009 mons
1067 973 1165 1009 erat
1196 964 1360 1008 audaci
1393 964 1612 1008 seductus
1644 963 1692 1008 in
1724 963 1913 1008 aethera
1944 964 2099 1009 dorso.

471 1060 622 1105 Vides
668 1061 744 1104 hic
791 1075 982 1112 quoque
1029 1068 1237 1104 montem
1284 1075 1379 1103 non
1412 1058 1684 1112 simpliciter
1715 1058 1948 1103 eductus
1981 1058 2073 1103 diei
2106 1059 2189 1103 sed

473 1156 531 1199 in
575 1171 733 1207 aera,
778 1156 835 1199 in
879 1156 1140 1199 aethera
1185 1154 1308 1198 addi.

471 1250 794 1295 Rothsteinius
826 1250 1052 1294 coniecit:

466 1345 596 1390 venit
628 1354 674 1389 et
706 1345 765 1389 ad
798 1344 963 1396 victor,
996 1359 1223 1396 pecorosa
1254 1343 1443 1395 Palatia,
1476 1351 1675 1395 montes,

468 1440 516 1484 in
560 1439 731 1492 quibus
776 1439 989 1491 displicet
1032 1439 1299 1483 coniunctio
1342 1447 1428 1491 et;
1461 1447 1508 1483 et
1509 1471 1579 1483 .....
1582 1447 1629 1483 et
1658 1438 1706 1483 in
1745 1439 1872 1483 hunc
1902 1439 2059 1483 locum
2093 1453 2189 1483 non

468 1535 721 1587 quadrant;
754 1535 845 1579 hoc
876 1534 1231 1578 incommodum
1263 1534 1453 1585 tollitur,
1485 1533 1523 1578 si
1554 1548 1663 1578 cum
1696 1532 1995 1585 Schippersio
2015 1531 2087 1591 (p.
2104 1531 2189 1592 68)

467 1629 708 1674 scribitur:
741 1630 872 1674 venit
902 1629 962 1673 ad
994 1629 1196 1673 invictus
1227 1643 1454 1681 pecorosa
1486 1627 1661 1672 Palatia
1691 1636 1888 1672 montes.

470 1724 790 1769 Pecorosa
835 1724 1027 1768 defendi
1074 1739 1211 1776 posse
1258 1739 1354 1768 non
1401 1724 1569 1768 credo:
1602 1738 1948 1776 nemorosa,
1979 1724 2107 1777 quod
2140 1724 2188 1768 in

467 1819 779 1864 deterioribus
826 1827 1006 1863 tantum
1053 1819 1232 1872 legitur,
1283 1818 1451 1863 melius
1497 1818 1694 1871 quadrat
1739 1818 1788 1862 in
1834 1819 1962 1863 hunc
2005 1819 2188 1871 loeum3

463 1914 644 1958 accedit
689 1923 944 1967 praeterea,
992 1914 1120 1967 quod
1153 1929 1341 1967 semper
1381 1929 1412 1957 n
1428 1928 1714 1958 emorosa
1755 1913 1929 1958 Palatia
1969 1913 2190 1959 dicuntur

469 2006 555 2066 (cf.
589 2006 777 2066 Burm.)
808 2008 1029 2054 Addatur
1060 2009 1179 2053 Met.
1211 2008 1348 2060 XIV,
1381 2007 1493 2052 822:

467 2104 670 2148 constitit
700 2104 748 2148 in
781 2119 966 2148 summo
998 2104 1316 2148 nemorosi
1348 2103 1467 2148 colle
1500 2103 1659 2156 Palati,

466 2214 609 2253 quem
641 2200 797 2244 locum
830 2199 938 2244 citat
969 2198 1294 2251 Schippersius
1324 2196 1396 2256 (p.
1429 2198 1523 2255 68),
1555 2200 1636 2253 qui
1668 2199 1887 2245 observat
1917 2200 2036 2245 duos
2061 2200 2189 2246 locos

468 2293 631 2338 Ovidii
663 2294 863 2346 obstare,
895 2294 1147 2347 quominus
1178 2308 1487 2346 pecorosa
1518 2294 1697 2347 possint
1727 2294 1987 2339 nominari:

468 2388 563 2433 Ov.
596 2388 720 2433 Fast.
753 2389 789 2440 I,
822 2387 908 2433 243

617 2484 694 2528 hic
725 2483 806 2528 ubi
838 2498 964 2528 nunc
997 2483 1150 2528 Roma
1181 2491 1264 2535 est,
1297 2483 1486 2528 incidua
1517 2484 1634 2528 silva
1665 2483 1861 2536 virebat,

662 2587 882 2632 tantaque
914 2593 989 2623 res
1020 2594 1051 2631 p
1068 2578 1244 2623 aucis
1276 2593 1448 2632 pascua
1478 2578 1632 2623 bubus
1664 2587 1763 2623 erat

471 2674 529 2718 cf.
561 2674 623 2718 ib.
655 2673 717 2725 V,
749 2672 821 2718 93.

666 2768 743 2812 hic
774 2768 855 2813 ubi
887 2783 1013 2812 nunc
1046 2768 1199 2813 Roma
1229 2777 1312 2820 est,
1344 2768 1471 2813 orbis
1502 2777 1654 2821 caput,
1686 2768 1827 2813 arbor
1857 2776 1902 2813 et
1933 2768 2108 2814 herbae

741 2871 787 2907 et
818 2877 1053 2914 paucae
1096 2864 1388 2916 pecudes,
1421 2871 1467 2908 et
1497 2878 1603 2908 casa
1633 2878 1738 2908 rara
1767 2863 1867 2907 fuit.

473 3015 572 3068 Ego
616 3014 899 3066 Schippersii
944 3013 1212 3058 coniectura
1255 3014 1426 3059 invio
1441 3023 1536 3058 tus
1578 3022 1766 3067 recepta
1805 3023 1953 3059 totum
1996 3029 2187 3059 versum

472 3111 537 3155 sic
578 3110 733 3155 scribo
748 3125 759 3153 ε
800 3109 931 3154 venit
973 3110 1032 3153 ad
1081 3110 1101 3153 Ι
1117 3125 1147 3154 n
1162 3110 1332 3154 victu
1347 3125 1382 3162 s,
1427 3125 1457 3153 n
1473 3125 1499 3154 e
1514 3125 1560 3153 m
1575 3125 1603 3154 o
1617 3125 1641 3153 r
1654 3125 1683 3154 o
1694 3124 1715 3154 s
1729 3124 1756 3153 a
1787 3108 1974 3161 Palatia,
2006 3116 2188 3153 montes

472 3205 531 3249 cf.
564 3205 600 3256 Ι,
633 3203 704 3255 20,
736 3203 807 3248 23.

399 3386 409 3396 .
472 3352 654 3397 Cacum
677 3351 725 3395 in
748 3351 992 3396 Aventino
1016 3352 1247 3397 habitasse
1270 3361 1316 3397 et
1339 3351 1575 3404 Vergilius
1597 3349 1761 3408 (VIII,
1784 3348 1897 3408 231)
1920 3359 1966 3395 et
1984 3349 2187 3395 Ovidius

471 3445 624 3504 (Fast.
670 3446 706 3497 Ι,
744 3444 858 3503 551)
900 3447 1113 3499 tradunt;
1145 3448 1271 3500 apud
1304 3447 1494 3491 Livium
1526 3460 1716 3499 quoque
1747 3443 1811 3502 (Ι,
1844 3444 1885 3489 7.
1917 3442 1972 3502 5)
2003 3452 2188 3497 „pastor
