2566 3886
1145 291 1412 337 —167—

461 422 536 468 Sic
553 421 894 475 Neapolitanus
910 437 1019 467 cum
1036 423 1098 475 F;
1130 423 1228 468 DV
1249 422 1289 481 ¹)
1315 439 1502 469 omnes
1530 424 1790 470 herodias
1814 421 1869 483 (1.
1887 421 2177 482 heroidas)

462 517 609 563 inter
654 518 825 571 legunt,
876 518 1003 571 quod
1051 518 1364 565 Baehrensius
1405 520 1671 565 confirmari
1719 528 1847 572 putat
1893 519 1952 564 ab
1999 518 2177 565 Ovidio

466 611 605 657 Trist.
638 612 674 656 Ι.
706 611 749 664 6,
780 611 851 656 33.
884 611 976 658 Sed
1008 613 1184 666 confer,
1217 615 1341 667 apud
1374 623 1613 659 nostrum:

583 707 644 752 11.
675 706 718 759 8,
750 706 803 752 8:
835 707 1038 753 vinceris
1069 717 1147 753 aut
1177 708 1341 761 vincis,
1373 710 1490 754 haec
1520 709 1568 753 in
1600 724 1761 754 amore
1791 717 1893 753 rota
1924 718 2006 754 est.

582 802 668 846 IV.
703 802 742 854 1,
777 802 846 847 17.
878 803 993 848 nulli
1025 818 1139 848 cura
1167 803 1252 848 luit
1283 812 1503 848 externos
1534 818 1708 857 quaere
1740 803 1890 848 divos.

465 898 541 942 De
572 897 739 943 talibus
770 898 884 943 locis
914 899 1050 951 valet,
1083 899 1211 953 quod
1243 898 1517 943 Phillimore
1549 895 1794 955 (praefat.)
1826 897 2008 942 scribit:
2042 897 2179 950 „Ipse

462 1001 708 1045 apparatus
739 992 926 1037 criticus
956 991 1166 1048 (codices
1198 992 1246 1037 A
1262 992 1302 1036 F
1322 992 1368 1037 D
1384 989 1460 1049 V)
1490 992 1703 1044 plurimis
1733 991 1847 1036 locis
1879 991 2180 1046 interpolatos

463 1096 702 1140 monstrat,
733 1102 841 1133 cum
874 1089 951 1133 vel
982 1087 1251 1133 duriuscule
1283 1096 1328 1132 et
1359 1087 1632 1141 exquisitius
1666 1095 1716 1132 ut
1742 1095 1812 1132 est
1829 1086 2060 1140 Propertii
2077 1103 2180 1133 mos

463 1182 587 1227 dicta
639 1183 687 1227 in
733 1182 911 1228 facilius
957 1182 1202 1236 refingunt,
1250 1183 1327 1228 vel
1374 1183 1551 1227 hiatum
1599 1183 1779 1234 tollunt,
1827 1183 1903 1227 vel
1957 1198 2181 1228 numeros

462 1278 702 1323 inusitatos
733 1279 791 1323 ad
822 1278 983 1323 tritum
1019 1278 1263 1323 modulum
1296 1278 1573 1332 refingunt”.

462 1371 601 1418 Tales
646 1388 870 1418 numeros
921 1388 1089 1418 revere
1135 1373 1320 1418 refictos
1366 1388 1467 1418 esse
1513 1373 1652 1418 docet
1699 1373 2048 1427 Groninganus,
2096 1373 2178 1428 qui

468 1468 766 1522 interque
797 1468 918 1523 legit.

331 1657 403 1704 36.
464 1658 559 1703 Pro
615 1658 782 1703 iacet
839 1674 898 1703 ex
944 1658 1213 1704 coniectura
1259 1658 1453 1704 Canteri
1496 1667 1660 1704 tacet
1702 1659 1804 1712 lego
1835 1659 2002 1704 collato
2035 1658 2180 1704 Ovid.

465 1753 590 1798 Fast.
624 1753 695 1798 IV
726 1768 868 1799 versu
900 1753 1011 1798 742:

586 1857 631 1894 et
663 1858 823 1902 crepet
853 1848 902 1893 in
934 1848 1101 1893 mediis
1133 1849 1290 1893 laurus
1323 1848 1486 1893 adusta
1517 1848 1657 1900 focis3

465 1952 623 1989 nostro
660 1944 764 1989 loco
795 1944 995 1989 verbum
1027 1943 1211 1989 tacendi
1243 1944 1467 1997 crepandi
1500 1943 1648 1988 verbo
1679 1944 1803 1996 apud
1838 1942 2068 1987 Ovidium
2102 1957 2181 1994 op-

467 2039 670 2092 positum
702 2048 784 2084 est.

335 2228 406 2275 39.
424 2228 494 2274 40.
513 2229 588 2274 De
634 2229 724 2274 hoc
770 2229 969 2275 disticho
1000 2239 1047 2275 et
1077 2231 1291 2284 sequenti
1323 2231 1491 2275 eodem
1525 2230 1668 2274 modo
1699 2229 1857 2274 iudico
1888 2236 2027 2282 atque
2067 2227 2181 2273 Otto

467 2325 549 2378 qui
594 2324 660 2369 sic
691 2324 875 2370 scribit:
907 2321 1076 2381 (Neue
1109 2325 1320 2378 Beitrage
1351 2340 1439 2370 zur
1472 2325 1653 2369 Erkliir.
1685 2325 1769 2369 des
1800 2324 1942 2377 Prop.
1976 2323 2181 2368 Hermes

469 2418 526 2464 23
559 2434 599 2474 p.
632 2417 734 2477 37):
780 2419 886 2471 „die
932 2418 1138 2473 Stellung
1183 2420 1337 2465 dieser
1377 2420 1549 2465 beiden
1582 2420 1826 2465 Distichen
1858 2416 2088 2477 (39—42)
2124 2418 2182 2462 ist

469 2514 575 2560 eine
620 2514 729 2559 sehr
774 2513 1016 2567 aufffillige,
1063 2515 1123 2559 da
1165 2515 1242 2559 die
1273 2514 1445 2560 beiden
1477 2523 1632 2560 ersten
1664 2514 1818 2559 Verse
1849 2514 2061 2559 offenbar
2091 2528 2182 2558 nur

469 2609 575 2655 eine
614 2608 924 2663 Fortsetzung
954 2611 1051 2654 und
1083 2610 1469 2663 Weiterfiihrung
1499 2610 1583 2655 des
1617 2609 2018 2662 Hauptgedankes
2055 2609 2103 2654 in
2135 2624 2180 2653 v.

469 2703 526 2748 42
543 2704 801 2749 enthalten:
820 2703 864 2748 si
906 2705 1078 2757 cadet,
1110 2705 1206 2749 illa
1236 2706 1440 2750 cadam.
1474 2704 1809 2758 Naturgemass
1825 2705 1932 2757 geht
1949 2705 2072 2749 doch
2104 2703 2181 2748 die

472 2798 592 2843 Bitte
623 2813 770 2843 voran
802 2800 899 2843 und
931 2808 1025 2844 erst
1047 2800 1172 2844 dann
1186 2800 1299 2853 folgt
1314 2800 1391 2845 die
1410 2800 1737 2852 Eventualitiit,
1754 2800 1935 2844 welche
1952 2799 2181 2844 eintreten

472 2893 606 2944 wird,
637 2893 702 2937 im
735 2892 866 2937 Faue
897 2893 964 2938 sie
986 2893 1247 2947 abschlfigig
1263 2894 1546 2939 beschieden
1563 2895 1757 2939 werden
1776 2895 1922 2939 sollte.
1939 2894 2000 2938 V.
2020 2893 2090 2938 39.
2109 2893 2180 2938 40.

473 2987 577 3032 sind
623 2989 715 3032 and
760 2988 911 3032 ihrem
942 2987 1141 3041 ietzigen
1173 2988 1334 3033 Platze
1365 2989 1667 3034 entschieden
1699 2997 1818 3042 ganz
1848 2988 2181 3039 unvermittelt,

474 3082 559 3126 der
589 3082 807 3126 lehlende
840 3082 1251 3135 Zusammenhang
1280 3082 1400 3127 wird
1431 3083 1545 3127 aber
1575 3083 1720 3128 sofort
1741 3083 2016 3136 hingestellt,
2039 3098 2180 3127 wenn

473 3175 562 3219 wir
576 3175 624 3220 in
656 3175 765 3220 dem
797 3176 1100 3229 umgestelten
1132 3177 1286 3222 Verse
1317 3177 1371 3221 41
1406 3177 1489 3222 mit
1520 3178 1613 3222 den
1632 3177 1867 3231 Neapolit.
1886 3179 2040 3223 lesen:
2075 3177 2181 3223 Sed

476 3284 583 3314 non
614 3269 821 3314 unius.'’
855 3269 963 3315 Hae
979 3270 1265 3315 difficultates
1281 3285 1472 3324 prorsus
1489 3280 1806 3324 removentur,
1824 3271 1862 3317 si
1880 3286 1985 3316 cum
2004 3271 2180 3317 Ottone

476 3363 671 3409 disticha
686 3363 756 3408 39.
774 3364 845 3409 40.
862 3372 908 3409 et
923 3364 994 3408 41.
1012 3363 1082 3409 42.
1100 3364 1221 3409 inter
1236 3379 1286 3409 se
1302 3365 1660 3417 transponimus.
1670 3365 1743 3410 Ex
1759 3365 2015 3411 editoribus
2025 3375 2181 3413 tamen

391 3468 420 3520 ²)
471 3473 686 3511 Lectionem
713 3472 786 3511 DV
809 3468 983 3519 Postgate
1011 3467 1203 3520 palmet-(l)
1228 3484 1354 3512 veram
1380 3475 1528 3512 ducunt.
