2566 3886
1159 235 1386 282 -25-

356 376 427 421 34.
490 375 587 420 Hic
634 372 882 418 lectionem
926 369 1140 415 traditam
1187 382 1246 412 eo
1287 366 1430 411 modo
1461 362 1911 421 quo'2Rothsteinius
1940 361 2199 406 defendere

354 1845 422 1890 16.

485 484 581 514 non
612 481 884 522 possumus:
917 479 1025 509 nam
1050 463 1116 508 sic
1138 477 1202 507 ac
1215 477 1241 507 c
1254 477 1282 506 e
1295 477 1326 515 p
1340 469 1399 505 tu
1414 475 1435 505 s
1457 458 1804 513 languidissime
1827 456 2030 511 positum
2063 464 2198 500 esset.

488 564 697 608 Praestat
730 576 840 606 cum
874 558 1075 604 Heinsio
1124 558 1278 610 legere
1329 554 1564 601 asserti
1611 569 1754 607 pars
1786 553 1901 598 eris
1940 552 2197 604 imperii

487 657 610 716 (vid.
657 653 920 713 Burman.),
967 669 1075 698 nam
1120 652 1418 705 accipere
1464 650 1801 702 imperium
1848 663 1907 693 eo
1945 662 2085 692 sensu
2117 647 2198 699 qui

488 753 742 806 requiritur
757 765 852 796 non
869 758 996 794 recte
1013 748 1197 793 dicitur.
1229 745 1356 791 Cum
1389 753 1549 790 nostro
1580 759 1721 789 versu
1754 742 2098 795 comparandus
2130 750 2200 787 est

487 849 630 901 Verg.
663 847 836 899 Georg.
890 844 952 896 ΙΙ,
1008 857 1077 889 VS.
1124 842 1208 888 40:
1255 857 1284 887 o
1331 843 1489 892 decuS,
1521 855 1551 885 o
1599 841 1656 885 fa
1667 855 1713 884 m
1728 854 1755 884 a
1768 854 1796 883 e
1842 837 2009 883 merito
2055 851 2086 889 p
2100 851 2127 881 a
2139 851 2164 880 r
2177 851 2198 880 s

488 957 708 989 maxuma
760 957 790 986 n
804 956 834 986 o
847 956 869 986 s
882 950 899 986 t
912 956 936 985 r
948 955 975 985 a
986 955 1013 985 e
1026 973 1038 992 ,
1084 939 1213 992 quod
1261 937 1593 982 Lachmannus
1609 933 1637 986 1)
1669 941 1796 978 recte
1842 932 2197 984 interpretatur:

486 1037 590 1091 qui
616 1036 889 1088 maxime,
912 1043 974 1080 ut
1001 1033 1151 1078 mihi
1175 1033 1331 1077 fama
1356 1030 1446 1082 sit,
1466 1029 1693 1075 efficis.
1719 1027 2005 1074 Sententiam
2024 1026 2198 1071 Batave

486 1132 661 1186 optime
713 1130 868 1176 reddit
919 1130 994 1174 vir
1038 1129 1095 1174 cl.
1144 1127 1405 1172 Hartman:
1451 1126 1542 1170 als
1588 1124 1657 1179 gij
1707 1140 1738 1169 u
1771 1138 1926 1168 voor
1971 1123 2043 1167 de
2090 1137 2120 1167 u
2136 1121 2150 1166 i
2166 1130 2198 1165 t-

487 1226 783 1280 breiding
813 1226 921 1270 des
952 1224 1101 1279 riiks
1132 1220 1626 1275 verdiensteliik
1656 1219 1873 1263 maakt.

1077 1661 1332 1708 ELEGIA
1348 1661 1460 1706 VII.

486 1844 597 1890 Hoc
644 1858 785 1889 versu
838 1843 965 1888 nulla
1017 1840 1284 1886 emendatio
1337 1839 1543 1892 corrupti
1597 1837 1815 1883 vocabuli
1872 1836 2196 1881 eviolasse

485 1939 651 1984 melius
689 1939 853 1991 placet,
892 1952 1032 1990 quam
1076 1937 1123 1981 id
1161 1938 1289 1989 quod
1327 1936 1438 1981 olim
1477 1935 1679 1980 habebat
1716 1942 1852 1978 vetus
1889 1933 2040 1977 codex
2082 1940 2196 1976 teste

486 2033 740 2079 Beroaldo:

670 2130 799 2182 quod
832 2129 977 2174 nolim
1010 2138 1193 2174 nostros
1224 2127 1458 2173 evoluisse
1490 2127 1618 2171 deos.

486 2225 622 2276 Quae
636 2225 690 2269 L.
706 2224 970 2269 Muellerus
982 2221 1198 2281 (praefat.
1211 2223 1320 2268 edit.
1333 2239 1377 2276 p.
1389 2219 1538 2279 XIX)
1550 2230 1712 2266 contra
1723 2222 1843 2265 hanc
1855 2219 2196 2265 correctionem

485 2320 661 2372 profert
703 2319 1030 2364 evoluisse
1074 2318 1255 2372 longius
1293 2318 1457 2363 abesse
1495 2333 1522 2362 a
1559 2317 1725 2361 tradita
1766 2315 2008 2368 scriptura,
2041 2329 2196 2366 neque

486 2414 783 2467 Propertium
828 2414 1026 2459 diaeresi
1070 2414 1117 2458 in
1161 2413 1320 2458 verbis
1363 2412 1587 2459 volvendi
1633 2420 1679 2457 et
1722 2411 1938 2456 solvendi
1981 2410 2062 2461 uti,
2101 2424 2196 2454 non

485 2510 643 2563 gravia
684 2519 805 2555 sunt.
843 2509 975 2554 Talia
1017 2509 1144 2554 enim
1188 2517 1352 2561 poetae
1397 2508 1533 2553 metri
1577 2522 1716 2552 causa
1758 2506 1996 2557 adhibent,
2041 2520 2196 2558 neque

485 2605 692 2649 carmina
709 2604 1014 2657 Propertiana
1030 2612 1122 2648 tam
1141 2604 1286 2648 multa
1301 2612 1422 2655 sunt,
1441 2611 1492 2647 ut
1507 2602 1618 2647 inde
1635 2602 1749 2647 certi
1766 2601 1942 2654 aliquid
1959 2601 2196 2645 deducere

485 2700 730 2752 possimus.
769 2700 1014 2744 Adhibere
1051 2699 1263 2744 similiter
1301 2698 1531 2743 diaeresin
1570 2698 1618 2742 in
1656 2698 1747 2742 hoc
1785 2696 1934 2741 verbo
1967 2695 2195 2740 Ovidium

489 2794 608 2839 Her.
644 2793 712 2838 12.
744 2794 796 2838 4:

672 2889 933 2933 debuerant
962 2889 1092 2933 fusos
1123 2889 1356 2934 evoluisse
1388 2903 1533 2940 meos,

490 2991 731 3035 praeterea
761 2983 980 3028 observat
1012 2983 1258 3036 Frigellius
1290 2981 1458 3040 (Prop.
1490 2983 1547 3027 el.
1581 2983 1847 3033 duodecim,
1880 2997 1924 3033 p.
1960 2979 2054 3039 17).

403 3142 434 3188 1)
484 3146 739 3179 Lachmannus
777 3153 943 3180 nostrum
981 3146 1103 3180 locum
1136 3146 1333 3180 infeliciter
1359 3147 1544 3186 tractavit,
1569 3158 1653 3180 nam
1682 3153 1874 3186 postquam
1900 3145 2013 3179 verba
2040 3145 2196 3186 Vergilii

354 3227 375 3249 a
400 3227 458 3250 me
484 3228 592 3256 supra
621 3217 746 3258 citata,
773 3224 886 3257 recte,
911 3224 951 3250 ut
976 3217 1064 3258 dixi,
1090 3217 1352 3256 interpretatus
1378 3224 1447 3257 est,
1473 3224 1640 3251 nostrum
1666 3228 1814 3251 versum
1842 3217 1974 3250 mirum
1994 3217 2031 3249 in
2046 3217 2195 3250 modum

357 3287 410 3320 sic
448 3288 586 3321 reddita
633 3299 742 3328 pars
789 3288 988 3327 imperii
1033 3289 1133 3321 erit
1178 3288 1257 3328 qui
1304 3288 1517 3321 alterius
1563 3288 1772 3327 imperio
1815 3294 1960 3327 paret.
2000 3287 2196 3322 Passeratii

357 3357 587 3391 coniectura:
621 3365 667 3392 et
700 3359 924 3398 acceptis
959 3370 1038 3398 par
1071 3359 1171 3392 eris
1197 3359 1423 3399 imperiis
1449 3370 1469 3392 a
1497 3359 1685 3400 Postgatio
1712 3358 1865 3398 probata
1890 3358 1927 3391 in
1952 3359 2048 3391 hunc
2074 3358 2196 3392 locum

358 3429 476 3463 minus
501 3430 666 3469 quadrat.
