<?xml version="1.0" encoding="UTF-8"?>
<!DOCTYPE html PUBLIC "-//W3C//DTD XHTML 1.0 Transitional//EN"
    "http://www.w3.org/TR/xhtml1/DTD/xhtml1-transitional.dtd">
<html xmlns="http://www.w3.org/1999/xhtml" xml:lang="en" lang="en">
 <head>
  <title>
</title>
<meta http-equiv="Content-Type" content="text/html;charset=utf-8" />
  <meta name='ocr-system' content='tesseract 3.04.00' />
  <meta name='ocr-capabilities' content='ocr_page ocr_carea ocr_par ocr_line ocrx_word'/>
</head>
<body>
  <div class='ocr_page' id='page_1' title='image "./adpropertiicarmi00enkpuoft_0079.png"; bbox 0 0 2566 3886; ppageno 0'>
   <div class='ocr_carea' id='block_1_1' title="bbox 1147 252 1382 299">
    <p class='ocr_par' dir='ltr' id='par_1_1' title="bbox 1147 252 1382 299">
     <span class='ocr_line' id='line_1_1' title="bbox 1147 252 1382 299; baseline 0 -14"><span class='ocrx_word' id='word_1_1' title='bbox 1147 252 1382 299; x_wconf 74' lang='grc'>-63-</span> 
     </span>
    </p>
   </div>
   <div class='ocr_carea' id='block_1_2' title="bbox 1073 524 1470 571">
    <p class='ocr_par' dir='ltr' id='par_1_2' title="bbox 1073 524 1470 571">
     <span class='ocr_line' id='line_1_2' title="bbox 1073 524 1470 571; baseline -0.003 -1"><span class='ocrx_word' id='word_1_2' title='bbox 1073 524 1328 571; x_wconf 87' lang='lat' dir='ltr'><strong>ELEGIA</strong></span> <span class='ocrx_word' id='word_1_3' title='bbox 1358 524 1470 570; x_wconf 92' lang='lat' dir='ltr'>XX.</span> 
     </span>
    </p>
   </div>
   <div class='ocr_carea' id='block_1_3' title="bbox 374 666 2202 3386">
    <p class='ocr_par' dir='ltr' id='par_1_3' title="bbox 374 666 1669 722">
     <span class='ocr_line' id='line_1_3' title="bbox 374 666 1669 722; baseline -0.002 -8"><span class='ocrx_word' id='word_1_4' title='bbox 374 668 415 714; x_wconf 88' lang='lat'>3.</span> <span class='ocrx_word' id='word_1_5' title='bbox 447 670 488 714; x_wconf 90' lang='grc'>4.</span> <span class='ocrx_word' id='word_1_6' title='bbox 551 668 699 722; x_wconf 82' lang='lat' dir='ltr'><strong>Saepe</strong></span> <span class='ocrx_word' id='word_1_7' title='bbox 731 667 1015 722; x_wconf 87' lang='lat' dir='ltr'>imprudenti</span> <span class='ocrx_word' id='word_1_8' title='bbox 1047 668 1233 713; x_wconf 82' lang='lat' dir='ltr'>iortuna</span> <span class='ocrx_word' id='word_1_9' title='bbox 1263 666 1467 712; x_wconf 91' lang='lat' dir='ltr'>occurrit</span> <span class='ocrx_word' id='word_1_10' title='bbox 1497 667 1669 712; x_wconf 89' lang='lat' dir='ltr'>amanti</span> 
     </span>
    </p>

    <p class='ocr_par' dir='ltr' id='par_1_4' title="bbox 477 762 2195 1572">
     <span class='ocr_line' id='line_1_4' title="bbox 633 762 1530 816; baseline -0.001 -8"><span class='ocrx_word' id='word_1_11' title='bbox 633 764 837 810; x_wconf 92' lang='lat' dir='ltr'>crudelis</span> <span class='ocrx_word' id='word_1_12' title='bbox 870 763 1050 816; x_wconf 88' lang='lat' dir='ltr'>Minyis</span> <span class='ocrx_word' id='word_1_13' title='bbox 1081 763 1251 808; x_wconf 86' lang='lat' dir='ltr'>dixerit</span> <span class='ocrx_word' id='word_1_14' title='bbox 1281 762 1530 808; x_wconf 84' lang='lat' dir='ltr'>Ascanius.</span> 
     </span>
     <span class='ocr_line' id='line_1_5' title="bbox 479 857 2191 911; baseline -0.001 -7"><span class='ocrx_word' id='word_1_15' title='bbox 479 859 738 904; x_wconf 88' lang='lat' dir='ltr'>Dixerit</span> <span class='ocrx_word' id='word_1_16' title='bbox 769 873 911 904; x_wconf 90' lang='lat' dir='ltr'>versu</span> <span class='ocrx_word' id='word_1_17' title='bbox 943 859 971 903; x_wconf 89' lang='lat'>4</span> <span class='ocrx_word' id='word_1_18' title='bbox 1002 859 1119 903; x_wconf 90' lang='lat' dir='ltr'>duas</span> <span class='ocrx_word' id='word_1_19' title='bbox 1150 857 1424 911; x_wconf 86' lang='lat' dir='ltr'>praesertim</span> <span class='ocrx_word' id='word_1_20' title='bbox 1440 857 1502 902; x_wconf 96' lang='lat' dir='ltr'>ob</span> <span class='ocrx_word' id='word_1_21' title='bbox 1519 871 1680 901; x_wconf 82' lang='lat' dir='ltr'><strong>causas</strong></span> <span class='ocrx_word' id='word_1_22' title='bbox 1698 857 2012 910; x_wconf 83' lang='lat' dir='ltr'>suspicionem</span> <span class='ocrx_word' id='word_1_23' title='bbox 2029 858 2191 911; x_wconf 88' lang='lat' dir='ltr'>movit;</span> 
     </span>
     <span class='ocr_line' id='line_1_6' title="bbox 477 952 2192 1005; baseline 0 -6"><span class='ocrx_word' id='word_1_24' title='bbox 477 955 690 999; x_wconf 90' lang='lat' dir='ltr'>nonnulli</span> <span class='ocrx_word' id='word_1_25' title='bbox 731 954 857 999; x_wconf 92' lang='lat' dir='ltr'>enim</span> <span class='ocrx_word' id='word_1_26' title='bbox 904 954 1149 999; x_wconf 85' lang='lat' dir='ltr'>dixerit</span> <span class='ocrx_word' id='word_1_27' title='bbox 1190 968 1286 998; x_wconf 94' lang='lat' dir='ltr'>non</span> <span class='ocrx_word' id='word_1_28' title='bbox 1318 954 1379 998; x_wconf 89' lang='lat' dir='ltr'>de</span> <span class='ocrx_word' id='word_1_29' title='bbox 1410 967 1468 997; x_wconf 93' lang='lat' dir='ltr'>eo</span> <span class='ocrx_word' id='word_1_30' title='bbox 1499 952 1581 1005; x_wconf 88' lang='lat' dir='ltr'>qui</span> <span class='ocrx_word' id='word_1_31' title='bbox 1613 952 1830 997; x_wconf 88' lang='lat' dir='ltr'>iniuriam</span> <span class='ocrx_word' id='word_1_32' title='bbox 1862 953 1984 1005; x_wconf 76' lang='lat' dir='ltr'>iacit,</span> <span class='ocrx_word' id='word_1_33' title='bbox 2017 954 2100 998; x_wconf 92' lang='lat' dir='ltr'>sed</span> <span class='ocrx_word' id='word_1_34' title='bbox 2132 955 2192 999; x_wconf 92' lang='lat' dir='ltr'>de</span> 
     </span>
     <span class='ocr_line' id='line_1_7' title="bbox 483 1048 2194 1103; baseline -0.001 -8"><span class='ocrx_word' id='word_1_35' title='bbox 483 1065 542 1095; x_wconf 93' lang='lat' dir='ltr'>eo</span> <span class='ocrx_word' id='word_1_36' title='bbox 583 1050 682 1095; x_wconf 91' lang='lat' dir='ltr'>solo</span> <span class='ocrx_word' id='word_1_37' title='bbox 729 1050 811 1103; x_wconf 87' lang='lat' dir='ltr'>qui</span> <span class='ocrx_word' id='word_1_38' title='bbox 856 1049 1023 1102; x_wconf 88' lang='lat' dir='ltr'>accipit</span> <span class='ocrx_word' id='word_1_39' title='bbox 1053 1048 1267 1094; x_wconf 84' lang='lat' dir='ltr'>adhiberi</span> <span class='ocrx_word' id='word_1_40' title='bbox 1298 1062 1435 1101; x_wconf 92' lang='lat' dir='ltr'>posse</span> <span class='ocrx_word' id='word_1_41' title='bbox 1467 1056 1680 1100; x_wconf 90' lang='lat' dir='ltr'>censent;</span> <span class='ocrx_word' id='word_1_42' title='bbox 1712 1048 1905 1100; x_wconf 88' lang='lat' dir='ltr'>accedit,</span> <span class='ocrx_word' id='word_1_43' title='bbox 1937 1049 2066 1101; x_wconf 88' lang='lat' dir='ltr'>quod</span> <span class='ocrx_word' id='word_1_44' title='bbox 2098 1064 2194 1094; x_wconf 93' lang='lat' dir='ltr'>uno</span> 
     </span>
     <span class='ocr_line' id='line_1_8' title="bbox 486 1143 2193 1198; baseline -0.001 -8"><span class='ocrx_word' id='word_1_45' title='bbox 486 1143 802 1198; x_wconf 88' lang='lat' dir='ltr'>Neapolitano</span> <span class='ocrx_word' id='word_1_46' title='bbox 833 1153 1030 1198; x_wconf 87' lang='lat' dir='ltr'>excepto</span> <span class='ocrx_word' id='word_1_47' title='bbox 1052 1159 1217 1189; x_wconf 91' lang='lat' dir='ltr'>omnes</span> <span class='ocrx_word' id='word_1_48' title='bbox 1248 1144 1278 1188; x_wconf 91' lang='lat' dir='ltr'>d</span> <span class='ocrx_word' id='word_1_49' title='bbox 1297 1144 1311 1188; x_wconf 85' lang='lat' dir='ltr'>i</span> <span class='ocrx_word' id='word_1_50' title='bbox 1329 1159 1359 1188; x_wconf 89' lang='lat' dir='ltr'>x</span> <span class='ocrx_word' id='word_1_51' title='bbox 1376 1159 1403 1188; x_wconf 93' lang='lat' dir='ltr'>e</span> <span class='ocrx_word' id='word_1_52' title='bbox 1420 1159 1444 1188; x_wconf 91' lang='lat' dir='ltr'>r</span> <span class='ocrx_word' id='word_1_53' title='bbox 1459 1151 1519 1188; x_wconf 90' lang='lat' dir='ltr'>at</span> <span class='ocrx_word' id='word_1_54' title='bbox 1549 1143 1787 1188; x_wconf 88' lang='lat' dir='ltr'>exhibent.</span> <span class='ocrx_word' id='word_1_55' title='bbox 1805 1143 1936 1195; x_wconf 92' lang='lat' dir='ltr'>Quas</span> <span class='ocrx_word' id='word_1_56' title='bbox 1953 1143 2015 1188; x_wconf 95' lang='lat' dir='ltr'>ob</span> <span class='ocrx_word' id='word_1_57' title='bbox 2032 1158 2193 1189; x_wconf 80' lang='lat' dir='ltr'>causas</span> 
     </span>
     <span class='ocr_line' id='line_1_9' title="bbox 479 1236 2192 1292; baseline -0.001 -7"><span class='ocrx_word' id='word_1_58' title='bbox 479 1255 646 1285; x_wconf 91' lang='lat' dir='ltr'>verum</span> <span class='ocrx_word' id='word_1_59' title='bbox 679 1239 880 1285; x_wconf 88' lang='lat' dir='ltr'>inveniri</span> <span class='ocrx_word' id='word_1_60' title='bbox 913 1254 1008 1284; x_wconf 92' lang='lat' dir='ltr'>non</span> <span class='ocrx_word' id='word_1_61' title='bbox 1041 1254 1192 1292; x_wconf 87' lang='lat' dir='ltr'>posse,</span> <span class='ocrx_word' id='word_1_62' title='bbox 1210 1238 1298 1284; x_wconf 92' lang='lat' dir='ltr'>nisi</span> <span class='ocrx_word' id='word_1_63' title='bbox 1312 1253 1339 1283; x_wconf 89' lang='lat' dir='ltr'>a</span> <span class='ocrx_word' id='word_1_64' title='bbox 1354 1237 1554 1283; x_wconf 89' lang='lat' dir='ltr'>lectione</span> <span class='ocrx_word' id='word_1_65' title='bbox 1571 1236 1617 1282; x_wconf 92' lang='lat' dir='ltr'>O</span> <span class='ocrx_word' id='word_1_66' title='bbox 1634 1237 1956 1291; x_wconf 88' lang='lat' dir='ltr'>proficiscaris,</span> <span class='ocrx_word' id='word_1_67' title='bbox 1974 1247 2192 1284; x_wconf 88' lang='lat' dir='ltr'>statuunt.</span> 
     </span>
     <span class='ocr_line' id='line_1_10' title="bbox 484 1333 2193 1387; baseline 0 -7"><span class='ocrx_word' id='word_1_68' title='bbox 484 1335 539 1379; x_wconf 89' lang='lat' dir='ltr'>In</span> <span class='ocrx_word' id='word_1_69' title='bbox 571 1350 735 1380; x_wconf 90' lang='lat' dir='ltr'>eorum</span> <span class='ocrx_word' id='word_1_70' title='bbox 768 1349 967 1380; x_wconf 89' lang='lat' dir='ltr'>numero</span> <span class='ocrx_word' id='word_1_71' title='bbox 999 1343 1106 1380; x_wconf 91' lang='lat' dir='ltr'>sunt</span> <span class='ocrx_word' id='word_1_72' title='bbox 1138 1333 1450 1379; x_wconf 88' lang='lat' dir='ltr'>Baehrensius</span> <span class='ocrx_word' id='word_1_73' title='bbox 1472 1333 1553 1386; x_wconf 87' lang='lat' dir='ltr'>qui</span> <span class='ocrx_word' id='word_1_74' title='bbox 1574 1348 1706 1378; x_wconf 91' lang='lat' dir='ltr'>more</span> <span class='ocrx_word' id='word_1_75' title='bbox 1728 1348 1814 1379; x_wconf 93' lang='lat' dir='ltr'>suo</span> <span class='ocrx_word' id='word_1_76' title='bbox 1830 1349 1972 1387; x_wconf 87' lang='lat' dir='ltr'>quam</span> <span class='ocrx_word' id='word_1_77' title='bbox 1990 1335 2193 1380; x_wconf 89' lang='lat' dir='ltr'>maxime</span> 
     </span>
     <span class='ocr_line' id='line_1_11' title="bbox 483 1428 2195 1482; baseline -0.001 -7"><span class='ocrx_word' id='word_1_78' title='bbox 483 1438 634 1482; x_wconf 89' lang='lat' dir='ltr'>potest</span> <span class='ocrx_word' id='word_1_79' title='bbox 665 1430 888 1475; x_wconf 91' lang='lat' dir='ltr'>lectiones</span> <span class='ocrx_word' id='word_1_80' title='bbox 920 1429 966 1475; x_wconf 88' lang='lat' dir='ltr'>O</span> <span class='ocrx_word' id='word_1_81' title='bbox 999 1429 1256 1474; x_wconf 89' lang='lat' dir='ltr'>defendere</span> <span class='ocrx_word' id='word_1_82' title='bbox 1287 1437 1427 1481; x_wconf 88' lang='lat' dir='ltr'>atque</span> <span class='ocrx_word' id='word_1_83' title='bbox 1458 1428 1792 1473; x_wconf 88' lang='lat' dir='ltr'>commendare</span> <span class='ocrx_word' id='word_1_84' title='bbox 1823 1429 2016 1474; x_wconf 90' lang='lat' dir='ltr'>studens</span> <span class='ocrx_word' id='word_1_85' title='bbox 2038 1437 2195 1481; x_wconf 90' lang='lat' dir='ltr'>penta-</span> 
     </span>
     <span class='ocr_line' id='line_1_12' title="bbox 484 1525 976 1572; baseline -0.006 0"><span class='ocrx_word' id='word_1_86' title='bbox 484 1535 686 1572; x_wconf 91' lang='lat' dir='ltr'>metrum</span> <span class='ocrx_word' id='word_1_87' title='bbox 718 1525 780 1570; x_wconf 87' lang='lat' dir='ltr'>ita</span> <span class='ocrx_word' id='word_1_88' title='bbox 810 1525 976 1570; x_wconf 88' lang='lat' dir='ltr'>edidit:</span> 
     </span>
    </p>

    <p class='ocr_par' dir='ltr' id='par_1_5' title="bbox 484 1619 2194 1770">
     <span class='ocr_line' id='line_1_13' title="bbox 633 1619 1631 1671; baseline -0.002 -5"><span class='ocrx_word' id='word_1_89' title='bbox 633 1620 836 1666; x_wconf 87' lang='lat' dir='ltr'>crudelis</span> <span class='ocrx_word' id='word_1_90' title='bbox 869 1619 1050 1665; x_wconf 90' lang='lat' dir='ltr'>Minuis</span> <span class='ocrx_word' id='word_1_91' title='bbox 1082 1619 1177 1664; x_wconf 89' lang='lat' dir='ltr'>sic</span> <span class='ocrx_word' id='word_1_92' title='bbox 1209 1628 1352 1664; x_wconf 90' lang='lat' dir='ltr'>erat</span> <span class='ocrx_word' id='word_1_93' title='bbox 1383 1619 1631 1671; x_wconf 88' lang='lat' dir='ltr'>Ascanius,</span> 
     </span>
     <span class='ocr_line' id='line_1_14' title="bbox 484 1714 2194 1770; baseline -0.001 -8"><span class='ocrx_word' id='word_1_94' title='bbox 484 1716 755 1770; x_wconf 83' lang='lat' dir='ltr'>Postgatius,</span> <span class='ocrx_word' id='word_1_95' title='bbox 764 1714 1184 1767; x_wconf 77' lang='lat' dir='ltr'>cuiusemendafio,</span> <span class='ocrx_word' id='word_1_96' title='bbox 1193 1715 1231 1759; x_wconf 93' lang='lat' dir='ltr'>si</span> <span class='ocrx_word' id='word_1_97' title='bbox 1246 1715 1439 1759; x_wconf 89' lang='lat' dir='ltr'>omnino</span> <span class='ocrx_word' id='word_1_98' title='bbox 1456 1714 1732 1759; x_wconf 91' lang='lat' dir='ltr'>mutandum</span> <span class='ocrx_word' id='word_1_99' title='bbox 1753 1723 1836 1766; x_wconf 87' lang='lat' dir='ltr'>est,</span> <span class='ocrx_word' id='word_1_100' title='bbox 1864 1715 2007 1768; x_wconf 80' lang='lat' dir='ltr'>magis</span> <span class='ocrx_word' id='word_1_101' title='bbox 2030 1715 2194 1768; x_wconf 84' lang='lat' dir='ltr'>placet:</span> 
     </span>
    </p>

    <p class='ocr_par' dir='ltr' id='par_1_6' title="bbox 636 1809 1745 1864">
     <span class='ocr_line' id='line_1_15' title="bbox 636 1809 1745 1864; baseline -0.002 -8"><span class='ocrx_word' id='word_1_102' title='bbox 636 1826 776 1864; x_wconf 81' lang='lat' dir='ltr'>saepe</span> <span class='ocrx_word' id='word_1_103' title='bbox 807 1809 1092 1863; x_wconf 90' lang='lat' dir='ltr'>imprudenti</span> <span class='ocrx_word' id='word_1_104' title='bbox 1124 1809 1310 1854; x_wconf 76' lang='lat' dir='ltr'>fortuna</span> <span class='ocrx_word' id='word_1_105' title='bbox 1340 1809 1544 1854; x_wconf 90' lang='lat' dir='ltr'>occurrit</span> <span class='ocrx_word' id='word_1_106' title='bbox 1574 1809 1745 1854; x_wconf 91' lang='lat' dir='ltr'>amanti</span> 
     </span>
    </p>

    <p class='ocr_par' dir='ltr' id='par_1_7' title="bbox 775 1904 1813 1957">
     <span class='ocr_line' id='line_1_16' title="bbox 775 1904 1813 1957; baseline -0.002 -6"><span class='ocrx_word' id='word_1_107' title='bbox 775 1906 1003 1951; x_wconf 86' lang='lat' dir='ltr'>crudelis:</span> <span class='ocrx_word' id='word_1_108' title='bbox 1037 1904 1219 1950; x_wconf 91' lang='lat' dir='ltr'>Minuis</span> <span class='ocrx_word' id='word_1_109' title='bbox 1250 1905 1282 1949; x_wconf 93' lang='lat' dir='ltr'>h</span> <span class='ocrx_word' id='word_1_110' title='bbox 1300 1904 1314 1948; x_wconf 92' lang='lat' dir='ltr'>i</span> <span class='ocrx_word' id='word_1_111' title='bbox 1332 1919 1358 1949; x_wconf 95' lang='lat' dir='ltr'>c</span> <span class='ocrx_word' id='word_1_112' title='bbox 1390 1913 1533 1949; x_wconf 90' lang='lat' dir='ltr'>erat</span> <span class='ocrx_word' id='word_1_113' title='bbox 1564 1904 1813 1957; x_wconf 88' lang='lat' dir='ltr'>Ascanius,</span> 
     </span>
    </p>

    <p class='ocr_par' dir='ltr' id='par_1_8' title="bbox 485 1999 2199 2248">
     <span class='ocr_line' id='line_1_17' title="bbox 487 1999 2198 2053; baseline -0.001 -6"><span class='ocrx_word' id='word_1_114' title='bbox 487 2002 808 2053; x_wconf 87' lang='lat' dir='ltr'>Housmanus,</span> <span class='ocrx_word' id='word_1_115' title='bbox 852 2001 985 2046; x_wconf 90' lang='lat' dir='ltr'>cuius</span> <span class='ocrx_word' id='word_1_116' title='bbox 1028 2001 1277 2045; x_wconf 86' lang='lat' dir='ltr'>invenusta</span> <span class='ocrx_word' id='word_1_117' title='bbox 1307 1999 1577 2045; x_wconf 87' lang='lat' dir='ltr'>coniectura</span> <span class='ocrx_word' id='word_1_118' title='bbox 1607 2000 1802 2044; x_wconf 91' lang='lat' dir='ltr'>omnino</span> <span class='ocrx_word' id='word_1_119' title='bbox 1833 1999 2072 2045; x_wconf 90' lang='lat' dir='ltr'>reicienda</span> <span class='ocrx_word' id='word_1_120' title='bbox 2102 2009 2198 2053; x_wconf 84' lang='lat' dir='ltr'>est;</span> 
     </span>
     <span class='ocr_line' id='line_1_18' title="bbox 485 2093 2199 2154; baseline -0.001 -12"><span class='ocrx_word' id='word_1_121' title='bbox 485 2097 523 2142; x_wconf 92' lang='lat' dir='ltr'>is</span> <span class='ocrx_word' id='word_1_122' title='bbox 555 2097 724 2142; x_wconf 90' lang='lat' dir='ltr'>eodem</span> <span class='ocrx_word' id='word_1_123' title='bbox 756 2096 899 2141; x_wconf 92' lang='lat' dir='ltr'>modo</span> <span class='ocrx_word' id='word_1_124' title='bbox 930 2096 1263 2149; x_wconf 75' lang='lat' dir='ltr'>interpungens</span> <span class='ocrx_word' id='word_1_125' title='bbox 1296 2103 1436 2148; x_wconf 86' lang='lat' dir='ltr'>atque</span> <span class='ocrx_word' id='word_1_126' title='bbox 1484 2094 1742 2148; x_wconf 78' lang='lat' dir='ltr'>Postgatius</span> <span class='ocrx_word' id='word_1_127' title='bbox 1788 2095 2008 2148; x_wconf 87' lang='lat' dir='ltr'>proponit</span> <span class='ocrx_word' id='word_1_128' title='bbox 2054 2093 2199 2154; x_wconf 83' lang='lat' dir='ltr'>(JPh.</span> 
     </span>
     <span class='ocr_line' id='line_1_19' title="bbox 486 2188 786 2248; baseline -0.007 -11"><span class='ocrx_word' id='word_1_129' title='bbox 486 2191 622 2244; x_wconf 90' lang='lat' dir='ltr'><strong>XVI,</strong></span> <span class='ocrx_word' id='word_1_130' title='bbox 654 2206 699 2244; x_wconf 89' lang='lat' dir='ltr'>p.</span> <span class='ocrx_word' id='word_1_131' title='bbox 731 2188 786 2248; x_wconf 84' lang='lat'>3)</span> 
     </span>
    </p>

    <p class='ocr_par' dir='ltr' id='par_1_9' title="bbox 483 2285 2202 3386">
     <span class='ocr_line' id='line_1_20' title="bbox 638 2285 1458 2332; baseline -0.002 0"><span class='ocrx_word' id='word_1_132' title='bbox 638 2286 820 2332; x_wconf 91' lang='lat' dir='ltr'>Minuis</span> <span class='ocrx_word' id='word_1_133' title='bbox 851 2295 956 2332; x_wconf 92' lang='lat' dir='ltr'>tru</span> <span class='ocrx_word' id='word_1_134' title='bbox 975 2302 1006 2331; x_wconf 90' lang='lat' dir='ltr'>x</span> <span class='ocrx_word' id='word_1_135' title='bbox 1037 2295 1178 2332; x_wconf 86' lang='lat' dir='ltr'>erat</span> <span class='ocrx_word' id='word_1_136' title='bbox 1210 2285 1458 2332; x_wconf 85' lang='lat' dir='ltr'>Ascanius.</span> 
     </span>
     <span class='ocr_line' id='line_1_21' title="bbox 485 2380 2199 2435; baseline -0.001 -8"><span class='ocrx_word' id='word_1_137' title='bbox 485 2381 666 2427; x_wconf 89' lang='lat' dir='ltr'>Contra</span> <span class='ocrx_word' id='word_1_138' title='bbox 696 2383 901 2435; x_wconf 91' lang='lat' dir='ltr'>primum</span> <span class='ocrx_word' id='word_1_139' title='bbox 933 2390 1273 2435; x_wconf 83' lang='lat' dir='ltr'>argumentum,</span> <span class='ocrx_word' id='word_1_140' title='bbox 1294 2396 1389 2435; x_wconf 91' lang='lat' dir='ltr'>quo</span> <span class='ocrx_word' id='word_1_141' title='bbox 1421 2382 1451 2425; x_wconf 94' lang='lat' dir='ltr'>d</span> <span class='ocrx_word' id='word_1_142' title='bbox 1470 2381 1484 2425; x_wconf 92' lang='lat' dir='ltr'>i</span> <span class='ocrx_word' id='word_1_143' title='bbox 1501 2396 1532 2425; x_wconf 88' lang='lat' dir='ltr'>x</span> <span class='ocrx_word' id='word_1_144' title='bbox 1549 2395 1576 2425; x_wconf 94' lang='lat' dir='ltr'>e</span> <span class='ocrx_word' id='word_1_145' title='bbox 1592 2395 1616 2425; x_wconf 90' lang='lat' dir='ltr'>r</span> <span class='ocrx_word' id='word_1_146' title='bbox 1632 2380 1677 2425; x_wconf 93' lang='lat' dir='ltr'>it</span> <span class='ocrx_word' id='word_1_147' title='bbox 1711 2380 1934 2426; x_wconf 86' lang='lat' dir='ltr'>damnant</span> <span class='ocrx_word' id='word_1_148' title='bbox 1953 2381 2042 2426; x_wconf 89' lang='lat' dir='ltr'>viri</span> <span class='ocrx_word' id='word_1_149' title='bbox 2060 2381 2199 2433; x_wconf 87' lang='lat' dir='ltr'>docti,</span> 
     </span>
     <span class='ocr_line' id='line_1_22' title="bbox 485 2475 2200 2530; baseline -0.001 -8"><span class='ocrx_word' id='word_1_150' title='bbox 485 2477 679 2522; x_wconf 86' lang='lat' dir='ltr'>confero</span> <span class='ocrx_word' id='word_1_151' title='bbox 711 2476 798 2529; x_wconf 90' lang='grc' dir='ltr'>ΙΙΙ,</span> <span class='ocrx_word' id='word_1_152' title='bbox 832 2476 902 2528; x_wconf 88' lang='grc'>15,</span> <span class='ocrx_word' id='word_1_153' title='bbox 936 2476 1005 2528; x_wconf 91' lang='lat'>11,</span> <span class='ocrx_word' id='word_1_154' title='bbox 1037 2485 1144 2521; x_wconf 91' lang='lat' dir='ltr'>ante</span> <span class='ocrx_word' id='word_1_155' title='bbox 1175 2491 1317 2530; x_wconf 86' lang='lat' dir='ltr'>quem</span> <span class='ocrx_word' id='word_1_156' title='bbox 1350 2490 1541 2520; x_wconf 90' lang='lat' dir='ltr'>versum</span> <span class='ocrx_word' id='word_1_157' title='bbox 1574 2490 1682 2520; x_wconf 92' lang='lat' dir='ltr'>cum</span> <span class='ocrx_word' id='word_1_158' title='bbox 1711 2475 1938 2521; x_wconf 89' lang='lat' dir='ltr'>Fischero</span> <span class='ocrx_word' id='word_1_159' title='bbox 1954 2476 2200 2528; x_wconf 90' lang='lat' dir='ltr'>ponendos</span> 
     </span>
     <span class='ocr_line' id='line_1_23' title="bbox 484 2570 2198 2623; baseline -0.001 -6"><span class='ocrx_word' id='word_1_160' title='bbox 484 2587 586 2617; x_wconf 89' lang='lat' dir='ltr'>esse</span> <span class='ocrx_word' id='word_1_161' title='bbox 645 2587 714 2617; x_wconf 89' lang='lat' dir='ltr'>vs.</span> <span class='ocrx_word' id='word_1_162' title='bbox 779 2571 851 2623; x_wconf 88' lang='lat'>43,</span> <span class='ocrx_word' id='word_1_163' title='bbox 913 2571 970 2616; x_wconf 87' lang='lat'>44</span> <span class='ocrx_word' id='word_1_164' title='bbox 1023 2580 1185 2623; x_wconf 88' lang='lat' dir='ltr'>postea</span> <span class='ocrx_word' id='word_1_165' title='bbox 1231 2571 1513 2616; x_wconf 87' lang='lat' dir='ltr'>videbimus.</span> <span class='ocrx_word' id='word_1_166' title='bbox 1561 2570 1707 2616; x_wconf 90' lang='lat' dir='ltr'>Dirce</span> <span class='ocrx_word' id='word_1_167' title='bbox 1753 2579 1909 2616; x_wconf 91' lang='lat' dir='ltr'>autem</span> <span class='ocrx_word' id='word_1_168' title='bbox 1956 2571 2198 2623; x_wconf 87' lang='lat' dir='ltr'>Antiopen</span> 
     </span>
     <span class='ocr_line' id='line_1_24' title="bbox 487 2665 2200 2720; baseline -0.001 -9"><span class='ocrx_word' id='word_1_169' title='bbox 487 2681 628 2720; x_wconf 86' lang='lat' dir='ltr'>quam</span> <span class='ocrx_word' id='word_1_170' title='bbox 675 2681 784 2711; x_wconf 90' lang='lat' dir='ltr'>cum</span> <span class='ocrx_word' id='word_1_171' title='bbox 830 2666 1027 2719; x_wconf 81' lang='lat' dir='ltr'>coniuge</span> <span class='ocrx_word' id='word_1_172' title='bbox 1070 2681 1157 2711; x_wconf 87' lang='lat' dir='ltr'>suo</span> <span class='ocrx_word' id='word_1_173' title='bbox 1201 2681 1302 2711; x_wconf 91' lang='lat' dir='ltr'>rem</span> <span class='ocrx_word' id='word_1_174' title='bbox 1350 2665 1568 2711; x_wconf 90' lang='lat' dir='ltr'>habuisse</span> <span class='ocrx_word' id='word_1_175' title='bbox 1615 2665 1877 2718; x_wconf 87' lang='lat' dir='ltr'>suspicatur</span> <span class='ocrx_word' id='word_1_176' title='bbox 1917 2665 2200 2719; x_wconf 78' lang='lat' dir='ltr'>gravissimis</span> 
     </span>
     <span class='ocr_line' id='line_1_25' title="bbox 485 2760 2200 2813; baseline 0 -8"><span class='ocrx_word' id='word_1_177' title='bbox 485 2760 621 2805; x_wconf 89' lang='lat' dir='ltr'>afficit</span> <span class='ocrx_word' id='word_1_178' title='bbox 651 2760 828 2813; x_wconf 90' lang='lat' dir='ltr'>poenis.</span> <span class='ocrx_word' id='word_1_179' title='bbox 861 2760 1082 2806; x_wconf 91' lang='lat' dir='ltr'>Feminas</span> <span class='ocrx_word' id='word_1_180' title='bbox 1114 2761 1161 2805; x_wconf 91' lang='lat' dir='ltr'>in</span> <span class='ocrx_word' id='word_1_181' title='bbox 1193 2761 1303 2806; x_wconf 91' lang='lat' dir='ltr'>odio</span> <span class='ocrx_word' id='word_1_182' title='bbox 1334 2775 1420 2806; x_wconf 93' lang='lat' dir='ltr'>suo</span> <span class='ocrx_word' id='word_1_183' title='bbox 1436 2775 1755 2813; x_wconf 87' lang='lat' dir='ltr'>perseverare,</span> <span class='ocrx_word' id='word_1_184' title='bbox 1783 2761 1822 2805; x_wconf 91' lang='lat' dir='ltr'>si</span> <span class='ocrx_word' id='word_1_185' title='bbox 1838 2769 2024 2806; x_wconf 87' lang='lat' dir='ltr'>nostrae</span> <span class='ocrx_word' id='word_1_186' title='bbox 2040 2760 2200 2806; x_wconf 89' lang='lat' dir='ltr'>aetatis</span> 
     </span>
     <span class='ocr_line' id='line_1_26' title="bbox 483 2855 2202 2908; baseline 0 -8"><span class='ocrx_word' id='word_1_187' title='bbox 483 2856 731 2908; x_wconf 91' lang='lat' dir='ltr'>scriptores</span> <span class='ocrx_word' id='word_1_188' title='bbox 784 2856 863 2900; x_wconf 87' lang='lat' dir='ltr'>tali</span> <span class='ocrx_word' id='word_1_189' title='bbox 915 2856 1133 2908; x_wconf 90' lang='lat' dir='ltr'>exemplo</span> <span class='ocrx_word' id='word_1_190' title='bbox 1177 2855 1376 2907; x_wconf 88' lang='lat' dir='ltr'>probare</span> <span class='ocrx_word' id='word_1_191' title='bbox 1423 2855 1583 2908; x_wconf 87' lang='lat' dir='ltr'>velint,</span> <span class='ocrx_word' id='word_1_192' title='bbox 1630 2870 1726 2900; x_wconf 90' lang='lat' dir='ltr'>non</span> <span class='ocrx_word' id='word_1_193' title='bbox 1770 2855 1926 2900; x_wconf 91' lang='lat' dir='ltr'>dicant</span> <span class='ocrx_word' id='word_1_194' title='bbox 1949 2870 1960 2899; x_wconf 70' lang='grc' dir='ltr'><strong><em>ε</em></strong></span> <span class='ocrx_word' id='word_1_195' title='bbox 2009 2855 2202 2900; x_wconf 90' lang='lat' dir='ltr'>Dirce</span> 
     </span>
     <span class='ocr_line' id='line_1_27' title="bbox 489 2949 2201 3003; baseline -0.001 -8"><span class='ocrx_word' id='word_1_196' title='bbox 489 2950 671 2995; x_wconf 90' lang='lat' dir='ltr'>nobis</span> <span class='ocrx_word' id='word_1_197' title='bbox 717 2950 903 2995; x_wconf 90' lang='lat' dir='ltr'>testis</span> <span class='ocrx_word' id='word_1_198' title='bbox 950 2958 1054 3001; x_wconf 91' lang='lat' dir='ltr'>est,</span> <span class='ocrx_word' id='word_1_199' title='bbox 1101 2964 1274 3003; x_wconf 88' lang='lat' dir='ltr'>quam</span> <span class='ocrx_word' id='word_1_200' title='bbox 1323 2964 1505 2995; x_wconf 89' lang='lat' dir='ltr'>saeva</span> <span class='ocrx_word' id='word_1_201' title='bbox 1536 2950 1614 2995; x_wconf 92' lang='lat' dir='ltr'>sit</span> <span class='ocrx_word' id='word_1_202' title='bbox 1645 2950 1869 2995; x_wconf 76' lang='lat' dir='ltr'>femina</span> <span class='ocrx_word' id='word_1_203' title='bbox 1900 2950 2071 3001; x_wconf 90' lang='lat' dir='ltr'>irata,</span> <span class='ocrx_word' id='word_1_204' title='bbox 2118 2949 2201 2994; x_wconf 89' lang='lat' dir='ltr'>sed</span> 
     </span>
     <span class='ocr_line' id='line_1_28' title="bbox 487 3044 1757 3097; baseline 0 -8"><span class='ocrx_word' id='word_1_205' title='bbox 487 3044 765 3097; x_wconf 86' lang='lat' dir='ltr'>Antiope</span> <span class='ocrx_word' id='word_1_206' title='bbox 797 3053 1060 3096; x_wconf 85' lang='lat' dir='ltr'>experta</span> <span class='ocrx_word' id='word_1_207' title='bbox 1089 3045 1243 3089; x_wconf 87' lang='lat' dir='ltr'>haec</span> <span class='ocrx_word' id='word_1_208' title='bbox 1276 3044 1502 3089; x_wconf 88' lang='lat' dir='ltr'>testari</span> <span class='ocrx_word' id='word_1_209' title='bbox 1534 3053 1757 3096; x_wconf 92' lang='lat' dir='ltr'>potest.</span> 
     </span>
     <span class='ocr_line' id='line_1_29' title="bbox 488 3138 2201 3192; baseline -0.001 -8"><span class='ocrx_word' id='word_1_210' title='bbox 488 3139 722 3184; x_wconf 85' lang='lat' dir='ltr'>Futurum</span> <span class='ocrx_word' id='word_1_211' title='bbox 767 3147 937 3191; x_wconf 88' lang='lat' dir='ltr'>autem,</span> <span class='ocrx_word' id='word_1_212' title='bbox 985 3139 1112 3192; x_wconf 86' lang='lat' dir='ltr'>quod</span> <span class='ocrx_word' id='word_1_213' title='bbox 1144 3138 1314 3184; x_wconf 90' lang='lat' dir='ltr'>dicitur</span> <span class='ocrx_word' id='word_1_214' title='bbox 1359 3147 1654 3190; x_wconf 89' lang='lat' dir='ltr'>exactum,</span> <span class='ocrx_word' id='word_1_215' title='bbox 1701 3139 1777 3184; x_wconf 90' lang='lat' dir='ltr'>hic</span> <span class='ocrx_word' id='word_1_216' title='bbox 1815 3153 1901 3191; x_wconf 87' lang='lat' dir='ltr'>pro</span> <span class='ocrx_word' id='word_1_217' title='bbox 1932 3139 2201 3191; x_wconf 91' lang='lat' dir='ltr'>simplici</span> 
     </span>
     <span class='ocr_line' id='line_1_30' title="bbox 491 3233 2202 3288; baseline 0 -9"><span class='ocrx_word' id='word_1_218' title='bbox 491 3233 757 3279; x_wconf 88' lang='lat' dir='ltr'>adhibuisse</span> <span class='ocrx_word' id='word_1_219' title='bbox 789 3233 1086 3286; x_wconf 90' lang='lat' dir='ltr'>Propertium</span> <span class='ocrx_word' id='word_1_220' title='bbox 1118 3242 1247 3286; x_wconf 94' lang='lat' dir='ltr'>putat</span> <span class='ocrx_word' id='word_1_221' title='bbox 1280 3233 1599 3278; x_wconf 90' lang='lat' dir='ltr'>Rothsteinius</span> <span class='ocrx_word' id='word_1_222' title='bbox 1630 3233 1688 3278; x_wconf 93' lang='lat' dir='ltr'>ad</span> <span class='ocrx_word' id='word_1_223' title='bbox 1721 3233 1758 3285; x_wconf 86' lang='grc' dir='ltr'>Ι,</span> <span class='ocrx_word' id='word_1_224' title='bbox 1789 3233 1887 3278; x_wconf 92' lang='lat' dir='ltr'>XV</span> <span class='ocrx_word' id='word_1_225' title='bbox 1919 3233 1972 3286; x_wconf 86' lang='lat' dir='ltr'>B,</span> <span class='ocrx_word' id='word_1_226' title='bbox 2004 3233 2083 3286; x_wconf 73' lang='lat'>303</span> <span class='ocrx_word' id='word_1_227' title='bbox 2116 3243 2202 3288; x_wconf 76' lang='lat' dir='ltr'>ego</span> 
     </span>
     <span class='ocr_line' id='line_1_31' title="bbox 490 3325 1742 3386; baseline -0.002 -12"><span class='ocrx_word' id='word_1_228' title='bbox 490 3329 727 3374; x_wconf 86' lang='lat' dir='ltr'>dixerit</span> <span class='ocrx_word' id='word_1_229' title='bbox 758 3343 844 3381; x_wconf 90' lang='lat' dir='ltr'>pro</span> <span class='ocrx_word' id='word_1_230' title='bbox 875 3328 1176 3374; x_wconf 91' lang='lat' dir='ltr'>coniunctivo</span> <span class='ocrx_word' id='word_1_231' title='bbox 1207 3328 1359 3374; x_wconf 90' lang='lat' dir='ltr'>habeo</span> <span class='ocrx_word' id='word_1_232' title='bbox 1390 3326 1470 3386; x_wconf 91' lang='lat'>(=</span> <span class='ocrx_word' id='word_1_233' title='bbox 1498 3330 1627 3372; x_wconf 80' lang='grc' dir='ltr'><strong><em>εἴποι</em></strong></span> <span class='ocrx_word' id='word_1_234' title='bbox 1658 3325 1742 3385; x_wconf 76' lang='grc' dir='ltr'>ἄν)</span> 
     </span>
    </p>
   </div>
   <div class='ocr_carea' id='block_1_4' title="bbox 490 3422 2200 3477">
    <p class='ocr_par' dir='ltr' id='par_1_10' title="bbox 490 3422 2200 3477">
     <span class='ocr_line' id='line_1_32' title="bbox 490 3422 2200 3477; baseline -0.001 -9"><span class='ocrx_word' id='word_1_235' title='bbox 490 3424 614 3477; x_wconf 77' lang='lat' dir='ltr'>Ergo</span> <span class='ocrx_word' id='word_1_236' title='bbox 645 3425 735 3468; x_wconf 93' lang='lat' dir='ltr'>hoc</span> <span class='ocrx_word' id='word_1_237' title='bbox 767 3438 956 3477; x_wconf 87' lang='lat' dir='ltr'>quoque</span> <span class='ocrx_word' id='word_1_238' title='bbox 988 3424 1092 3468; x_wconf 90' lang='lat' dir='ltr'>loco</span> <span class='ocrx_word' id='word_1_239' title='bbox 1123 3422 1173 3468; x_wconf 92' lang='lat' dir='ltr'>N</span> <span class='ocrx_word' id='word_1_240' title='bbox 1206 3438 1373 3469; x_wconf 90' lang='lat' dir='ltr'>verum</span> <span class='ocrx_word' id='word_1_241' title='bbox 1405 3423 1610 3469; x_wconf 88' lang='lat' dir='ltr'>servavit</span> <span class='ocrx_word' id='word_1_242' title='bbox 1635 3438 1746 3475; x_wconf 91' lang='lat' dir='ltr'>prae</span> <span class='ocrx_word' id='word_1_243' title='bbox 1763 3423 1929 3468; x_wconf 90' lang='lat' dir='ltr'>ceteris</span> <span class='ocrx_word' id='word_1_244' title='bbox 1945 3423 2200 3469; x_wconf 77' lang='lat' dir='ltr'>codicibus,</span> 
     </span>
    </p>
   </div>
  </div>
 </body>
</html>
