2566 3886
1096 274 1362 319 —323-

439 407 702 451 hortantem
749 406 889 459 fingit,
936 414 986 450 ut
1027 404 1255 458 quidlibet
1300 404 1494 456 scribat;
1541 419 1636 448 non
1683 418 1801 456 opus
1848 411 1918 447 est
1949 403 2152 455 puellam

440 501 634 545 amatori
664 501 883 553 cuiquam
914 499 1140 551 scribere;
1172 507 1299 544 recte
1332 498 1672 544 Rothsteinius:
1695 512 1820 549 „was
1841 497 1908 542 sie
1935 496 2154 548 schreibt,

442 594 499 640 ist
529 594 862 648 gleichgiiltig”.

310 741 382 788 39.
414 742 485 787 40.
546 757 734 795 semper
763 742 885 787 habe
917 757 1099 787 morsus
1130 742 1254 786 circa
1284 750 1363 786 tua
1393 742 1511 786 colla
1542 740 1756 791 recentis,

609 836 764 881 litibus
795 836 984 881 alternis
1014 851 1132 890 quos
1163 844 1292 889 putet
1322 850 1425 880 esse
1456 836 1601 879 datos.

443 931 735 976 alternis
767 930 841 983 N;
873 931 1165 975 alterius
1198 930 1375 975 FLD.

446 1025 593 1070 Recte
635 1025 901 1070 alterius
947 1025 1156 1070 scribunt
1190 1025 1502 1070 Baehrensius
1532 1023 1778 1068 Vahlenus
1811 1022 2158 1073 Rothsteinius;

445 1119 667 1164 litibus
696 1134 859 1164 sanum
877 1135 980 1164 esse
1008 1135 1104 1164 non
1135 1121 1306 1171 credo;
1339 1134 1522 1164 morsus
1554 1133 1649 1163 non
1682 1118 1831 1162 litis
1863 1118 2045 1170 signum
2078 1125 2160 1168 est,

445 1215 528 1259 sed
574 1215 761 1259 lusus
807 1214 1136 1267 amatorii,
1179 1214 1237 1259 cf.
1283 1214 1434 1258 Plauti
1482 1213 1653 1258 Pseud.
1692 1212 1749 1257 67
1781 1212 1954 1257 teneris
1984 1211 2162 1256 labellis

446 1309 611 1353 molles
642 1309 1000 1353 morsiunculae.

444 1401 491 1447 Si
523 1403 651 1448 audit
681 1411 859 1448 amator
889 1404 1092 1457 puellam
1124 1419 1232 1449 cum
1265 1404 1354 1449 alio
1385 1404 1513 1448 litem
1546 1403 1778 1454 habuisse,
1810 1418 1905 1447 non
1937 1402 2163 1454 irascitur,

444 1498 526 1542 sed
559 1498 705 1543 laetus
736 1507 890 1550 sperat
921 1514 1032 1543 mox
1063 1499 1259 1543 rivalem
1292 1514 1428 1543 suum
1461 1498 1661 1543 eiectum
1694 1498 1764 1542 iri.

446 1590 572 1637 Cum
605 1590 796 1645 Guyeto
829 1591 1115 1638 Baehrensio
1148 1592 1413 1637 Hartmano
1443 1592 1662 1637 restituo:
1694 1592 1951 1637 lusibus.

313 1739 385 1784 44.
446 1754 555 1784 cum
586 1739 691 1784 ferit
723 1748 896 1784 astutos
926 1739 1106 1784 comica
1137 1740 1335 1784 moecha
1365 1739 1525 1785 Getas.

449 1834 543 1879 Pro
583 1843 823 1879 astutos
855 1834 1167 1879 Baehrensius
1199 1842 1482 1880 austeros
1514 1835 1633 1888 legit,
1667 1835 1813 1879 male:
1847 1834 1971 1887 ipsos
2003 1849 2166 1878 servos

450 1937 664 1973 versutos
696 1929 798 1981 capi
829 1944 857 1973 a
887 1928 1070 1974 Thaide
1102 1929 1214 1974 dicit
1244 1938 1395 1982 poeta.

451 2021 738 2068 Coniectura
800 2038 928 2067 com
947 2023 997 2067 is
1058 2024 1265 2075 amica,
1333 2039 1474 2076 quam
1533 2022 1747 2075 Guyetus
1800 2038 1886 2075 pro
1933 2023 2167 2067 comica

451 2118 704 2162 moecha
733 2118 989 2171 proposuit,
1033 2133 1059 2162 a
1102 2120 1202 2163 solo
1246 2118 1532 2163 Baehrensio
1575 2118 1622 2162 in
1655 2126 1833 2162 textum
1867 2127 2054 2170 recepta
2085 2126 2167 2162 est.

453 2211 698 2257 Nonnulla
727 2221 884 2256 tamen
916 2227 1001 2257 nos
1033 2213 1092 2257 de
1125 2213 1324 2257 lectione
1356 2213 1522 2257 tradita
1553 2212 1766 2257 dubitare
1797 2221 1981 2265 cogunt.

455 2306 777 2351 Moecham
797 2305 1028 2352 Thaidem
1055 2307 1136 2352 vix
1155 2308 1390 2361 appellare
1421 2321 1694 2361 possumus:
1727 2307 1965 2352 comica
1996 2307 2170 2359 epithe-

452 2410 532 2446 ton
565 2401 764 2446 otiosum
796 2401 1008 2454 videtur;
1040 2417 1148 2446 nam
1181 2403 1301 2446 hanc
1333 2403 1478 2446 solam
1511 2403 1573 2446 ob
1604 2417 1790 2447 causam
1824 2401 2061 2446 comica
2091 2416 2170 2446 vo-

456 2504 601 2548 catur,
645 2495 754 2549 quia
799 2504 952 2548 partes
995 2497 1083 2550 agit
1126 2497 1174 2541 in
1214 2496 1472 2548 comoedia,
1511 2497 1638 2550 quod
1671 2512 1766 2541 non
1798 2511 1915 2548 opus
1947 2504 2016 2540 est
2046 2495 2169 2540 addi.

457 2588 637 2635 Contra
667 2590 861 2635 comis
883 2591 1148 2644 oppositum
1166 2592 1357 2636 estvoci
1380 2591 1611 2645 probra
1636 2606 1704 2636 vs.
1722 2591 1793 2636 41.
1827 2590 2037 2636 Comis
2069 2590 2170 2634 sis:

457 2685 574 2729 haec
604 2684 830 2738 praecipit
859 2701 989 2730 anus.

327 2823 398 2869 47.
430 2824 501 2869 48.
564 2825 738 2870 Ianitor
767 2826 827 2870 ad
859 2826 1010 2871 dantis
1041 2827 1223 2879 vigilet:
1256 2827 1294 2871 si
1325 2827 1478 2880 pulset
1508 2827 1671 2879 inanis,

628 2921 797 2965 surdus
828 2920 876 2964 in
909 2920 1159 2965 obductam
1191 2920 1392 2965 somniet
1422 2935 1571 2974 usque
1603 2935 1770 2965 seram.

462 3014 513 3058 si
553 3014 766 3066 pulset
807 3013 1014 3058 inanis
1055 3012 1116 3058 O.

464 3107 640 3152 Melius
685 3108 925 3160 inscriptio
966 3107 1278 3160 Pompeiana:
1322 3108 1544 3161 pulsat,
1587 3109 1714 3162 quod
1761 3117 1888 3154 recte
1933 3118 2174 3154 assumunt

464 3201 776 3247 Baehrensius
806 3201 1064 3255 Postgatius
1098 3201 1402 3247 Hartmanus.

332 3341 404 3387 51.
435 3341 506 3387 52.
566 3351 645 3388 aut
675 3357 876 3397 quorum
908 3343 1065 3388 titulus
1095 3358 1182 3396 per
1212 3342 1408 3387 barbara
1438 3344 1556 3388 colla
1586 3344 1824 3396 pependit,

635 3437 796 3482 caelati
826 3437 984 3482 medio
1014 3452 1122 3482 cum
1153 3437 1334 3482 saluere
1363 3438 1480 3483 toro.
