2566 3886
326 779 397 825 29.

328 1347 399 1393 39.

1125 291 1171 297 -
1199 266 1284 311 221
1318 291 1377 298 -—

461 395 675 455 15—19),
714 397 795 451 qui
827 396 1004 442 collatis
1036 397 1123 450 ΙΙΙ,
1155 397 1227 449 21,
1259 396 1331 449 25,
1366 397 1455 449 lV,
1487 396 1530 450 3,
1561 396 1617 442 37
1650 405 1777 442 recte
1807 396 2027 442 observat
2058 396 2169 441 Pro-

458 494 659 547 pertium
706 508 801 538 non
834 493 976 538 solius
1009 493 1201 546 Epicuri
1233 492 1576 546 philosophiam
1608 493 1877 545 amplexum
1923 506 2040 544 esse,
2084 491 2167 537 sed

459 605 568 635 eum
601 589 715 634 alios
745 604 935 643 quoque
967 588 1199 641 sapientes
1230 588 1407 641 legisse.

459 780 587 825 unde
618 780 714 824 salo
746 787 968 831 superant
998 778 1140 823 venti.

459 873 719 927 Superandi
766 873 966 918 verbum
1013 873 1103 917 boc
1134 872 1238 916 loco
1270 871 1409 916 vertit
1442 870 1697 924 Woltierus
1728 867 1887 928 (Serta
1919 871 2078 916 Rom.⁴
2124 886 2168 924 p.

463 969 546 1014 117
562 969 698 1021 „satis
730 983 965 1022 superque
996 968 1203 1013 adesse”.
1236 967 1445 1012 Praestat
1475 975 1689 1011 vertere:
1722 967 1831 1020 „qui
1863 966 1928 1019 fit,
1960 975 2011 1011 ut
2040 967 2170 1012 venti

455 1064 503 1109 in
555 1064 670 1109 mari
719 1064 922 1109 victores
968 1063 1101 1108 sint'’.
1147 1062 1483 1108 Coniecturam
1516 1060 1854 1107 Cornelissenii
1901 1077 1922 1106 s
1939 1077 1970 1114 p
1987 1062 2001 1106 i
2018 1077 2042 1107 r
2061 1077 2087 1107 e
2104 1078 2135 1107 n
2153 1071 2170 1106 t

460 1173 752 1212 supervacua
782 1158 982 1203 videtur.

461 1348 548 1393 sub
579 1348 714 1392 terris
746 1347 836 1392 sint
867 1347 968 1392 iura
999 1348 1141 1392 deum
1174 1355 1220 1392 et
1250 1355 1482 1391 tormenta
1513 1345 1766 1400 Gigantum

461 1443 791 1497 Gigantum
840 1442 1067 1487 omittitur
1112 1442 1160 1486 in
1199 1441 1514 1494 Neapolitano
1546 1442 1673 1486 unde
1718 1441 1954 1494 Hauptius
1998 1439 2170 1499 (Opsc.

460 1538 521 1583 ΙΙ.
554 1535 638 1596 57)
670 1546 1028 1583 nocentum
1066 1537 1264 1590 supplet,
1300 1536 1607 1581 Housmanus
1638 1533 1782 1594 (JPh.
1811 1535 1948 1588 XXI,
1980 1551 2025 1589 p.
2060 1534 2171 1594 166)

458 1648 718 1678 reorum
750 1633 917 1678 collato
950 1632 1043 1677 Ov.
1094 1632 1189 1677 Ibis
1223 1631 1321 1683 127,
1368 1633 1511 1685 quod,
1558 1631 1595 1676 si
1642 1632 1836 1677 omnino
1879 1633 2170 1685 mutandum,

459 1728 747 1782 probabilius
780 1736 862 1772 est.
897 1727 1204 1772 Housmanus
1234 1742 1320 1771 cur
1361 1726 1653 1780 Gigantu
1670 1742 1717 1771 m
1764 1727 1933 1771 malam
1970 1726 2171 1779 interpo-

459 1823 677 1868 lationem
725 1823 865 1867 ducat
909 1822 1037 1867 hisce
1083 1822 1242 1866 verbis
1286 1822 1448 1866 docet:
1497 1821 1683 1874 „When
1715 1821 1988 1874 Propertius
2018 1831 2171 1875 grows

459 1918 538 1962 old
584 1919 645 1962 he
691 1932 796 1969 says
843 1918 903 1961 he
946 1916 1041 1961 will
1088 1925 1195 1961 turn
1228 1916 1531 1970 philosopher
1575 1917 1667 1961 and
1715 1917 1912 1971 enquire
1958 1894 2172 1962 whether

460 2014 586 2058 what
615 2028 689 2057 we
722 2014 835 2057 hear
866 2012 1008 2057 about
1038 2013 1132 2057 hell
1164 2012 1202 2056 is
1233 2021 1336 2057 true
1369 2027 1456 2064 „an
1488 2012 1592 2057 ficta
1622 2012 1670 2056 in
1704 2012 1896 2057 miseras
1928 2011 2171 2056 descendit

458 2108 615 2153 fabula
660 2108 807 2161 gentis
842 2104 851 2165 Ι
893 2116 938 2151 et
983 2107 1123 2152 timor
1167 2108 1279 2152 haut
1322 2108 1442 2151 ultra
1489 2122 1630 2160 quam
1662 2116 1800 2160 rogus
1831 2122 1933 2152 esse
1965 2107 2170 2159 potest'':

460 2218 570 2247 now
616 2203 695 2247 the
741 2203 854 2247 tales
900 2202 1057 2247 which
1100 2202 1244 2247 strike
1287 2211 1438 2246 terror
1468 2202 1566 2246 into
1613 2202 1839 2247 mankind
1882 2217 1962 2247 are
2008 2211 2091 2247 not
2120 2217 2172 2247 so

464 2298 606 2342 much
636 2298 715 2342 the
747 2297 1071 2349 punishments
1102 2298 1150 2342 ot
1179 2298 1258 2342 the
1289 2298 1435 2350 giants
1466 2297 1549 2342 but
1579 2298 1736 2342 rather
1766 2298 1822 2342 of
1842 2298 2018 2342 human
2035 2298 2173 2343 male-

467 2393 678 2437 factors'’.
710 2392 835 2437 Mihi
867 2401 1022 2437 tamen
1054 2394 1170 2437 haec
1197 2401 1468 2446 argumenta
1498 2407 1593 2437 non
1625 2401 1718 2436 tam
1750 2393 1908 2445 gravia
1938 2393 2171 2445 videntur,

461 2497 511 2533 ut
557 2487 914 2540 Gigantum
964 2488 1307 2541 interpolatoris
1353 2503 1455 2533 esse
1502 2488 1718 2539 credam3
1765 2488 1892 2541 quod
1939 2487 1989 2533 N
2022 2488 2173 2533 amisit

471 2597 656 2634 vocem,
694 2583 820 2627 casui
865 2582 1168 2627 tribuendum
1216 2592 1354 2635 puto:
1402 2582 1625 2636 Gigantes
1656 2582 1782 2627 enim
1828 2583 1953 2635 apud
1999 2582 2172 2627 inferos

463 2677 619 2729 puniri
666 2677 932 2729 complures
963 2677 1053 2722 loci
1084 2678 1280 2722 docent:
1313 2677 1422 2723 Stat.
1453 2676 1606 2722 Theb.
1651 2677 1736 2729 IV,
1783 2676 1869 2722 533
1915 2677 2053 2730 VIII,
2100 2677 2171 2730 42,

463 2770 541 2816 Sil.
577 2772 676 2816 Ital.
710 2771 833 2816 XIII
865 2771 977 2824 590;
1010 2788 1165 2826 neque
1196 2773 1414 2826 intelligo,
1439 2788 1525 2817 cur
1540 2781 1879 2817 tormentorum
1918 2772 2170 2825 Gigantum

465 2866 641 2910 mentio
672 2881 767 2910 non
799 2867 969 2911 idonea
999 2867 1069 2918 sit,
1112 2882 1233 2920 quae
1280 2868 1326 2911 in
1376 2867 1648 2912 universum
1692 2868 1980 2911 demonstret
2025 2868 2171 2912 malos

466 2975 619 3012 poena
663 2960 804 3012 affici;
842 2975 926 3005 cur
971 2962 1031 3006 de
1068 2961 1368 3006 hominib
1385 2977 1416 3006 u
1433 2977 1454 3006 s
1498 2970 1675 3006 tantum
1707 2961 1839 3005 malis
1882 2975 2038 3006 sermo
2069 2976 2171 3007 esse

463 3054 645 3099 debeat.
663 3054 774 3099 Hoc
790 3054 927 3108 igitur
941 3055 1046 3100 loco
1061 3056 1310 3101 lectionem
1328 3055 1374 3101 Ο
1391 3071 1487 3101 non
1503 3056 1817 3108 spernendam
1834 3070 1936 3100 esse
1952 3056 2170 3100 defendo.

335 3241 527 3287 39—42.
554 3242 734 3287 Versus
766 3242 823 3287 40
854 3251 901 3288 et
931 3243 988 3287 42
1020 3243 1141 3288 inter
1170 3259 1220 3288 se
1253 3245 1624 3297 transponendos
1654 3259 1756 3289 esse
1788 3243 1905 3288 vidit
1937 3243 2170 3289 Housma-

464 3353 553 3382 nus
588 3335 732 3395 (JPh.
762 3337 900 3390 XVI,
931 3353 976 3390 p.
1007 3335 1088 3396 9);
1120 3338 1176 3383 cf.
1210 3338 1445 3392 Postgate:
1480 3337 1585 3383 CR.
1615 3338 1752 3390 XVI,
1784 3353 1829 3390 p.
1861 3337 1962 3383 309.
