2566 3886
1184 246 1422 292 -71„..

511 381 885 427 obliviscendum
917 387 987 424 est
1017 377 1208 424 Gallum
1241 376 1519 422 morientem
1551 376 1628 421 hic
1659 375 1931 421 mandatum
1949 374 2076 425 dare,
2092 372 2221 425 quod

511 476 688 522 amicus
718 475 879 520 afferat
909 474 1078 527 sorori;
1110 489 1218 519 cum
1250 472 1355 525 alio,
1386 472 1674 526 quicumque
1691 470 1924 516 invenerit
1952 484 2070 521 ossa,
2087 468 2130 513 ei
2146 482 2222 512 res

511 587 606 617 non
653 579 736 616 est.
784 570 980 615 Rectam
1018 568 1108 613 loci
1140 567 1498 620 explicationem
1546 566 1675 611 dedit
1722 565 2032 611 Housmanus
2077 561 2221 621 (JPh.

510 666 646 718 XXI,
693 682 738 719 p.
788 662 918 722 184):
956 672 1001 709 et
1031 664 1138 709 licet
1168 677 1303 709 soror
1333 677 1439 707 mea
1469 669 1681 707 sescenta
1711 660 1799 705 alia
1829 658 2077 710 invenerit,
2109 657 2222 703 sciat

511 762 628 806 haec
659 775 764 806 ossa
795 775 900 805 mea
930 774 1047 805 esse.

1064 1004 1318 1051 ELEGIA
1378 1003 1540 1049 XXII.

510 1138 557 1185 Si
590 1138 818 1184 Perusina
847 1138 930 1183 tibi
962 1137 1137 1190 patriae
1169 1144 1277 1181 sunt
1307 1143 1417 1180 nota
1447 1134 1675 1187 sepulcra.

509 1233 556 1279 Si
593 1233 858 1288 patriae
890 1232 967 1278 hic
998 1232 1385 1284 interpretamur:
1418 1238 1797 1275 nostrorum
1830 1228 2095 1279 civium,
2128 1242 2223 1272 non

508 1328 850 1374 neccessarium
910 1336 980 1373 est
1038 1342 1148 1372 cum
1202 1325 1488 1371 Baehrensio
1547 1324 1779 1370 scribere:
1832 1340 1862 1378 p
1879 1338 1906 1368 a
1922 1331 1940 1367 t
1955 1338 2022 1368 ru
2039 1338 2086 1367 m
2139 1337 2223 1375 pro

507 1422 781 1476 patriae.

374 1612 505 1658 3-5.
522 1613 704 1658 Versus
750 1612 816 1657 sic
863 1612 1141 1666 interpungo
1188 1619 1376 1664 recepta
1408 1610 1659 1656 Hartmani
1690 1609 2020 1655 emendatione
2052 1624 2074 1654 s
2088 1624 2114 1654 e
2129 1608 2160 1652 d
2181 1605 2222 1666 1)

403 1802 445 1847 3.

404 1991 446 2037 5.

506 1723 593 1761 pro
624 1708 711 1754 sit
741 1723 882 1753 versu
914 1706 968 1752 6:

507 1803 545 1848 si
578 1803 805 1848 Perusina
835 1802 918 1847 tibi
950 1802 1124 1855 patriae
1156 1810 1263 1847 sunt
1295 1810 1405 1846 nota
1435 1801 1662 1854 sepulcra,

626 1897 785 1942 Italiae
817 1897 947 1942 duris
977 1897 1145 1942 funera
1175 1896 1480 1949 temporibus,

507 2007 616 2038 cum
651 1991 864 2037 Romana
894 2007 1004 2037 suos
1035 1991 1125 2045 egit
1156 1991 1390 2037 discordia
1420 1991 1551 2044 civis,

621 2084 731 2145 (sed
765 2086 879 2131 mihi
911 2087 1162 2140 praecipue
1194 2086 1349 2139 pulvis
1381 2086 1579 2132 Etrusca
1609 2087 1763 2131 dolor:

433 2214 444 2225 .
505 2190 555 2227 tu
587 2181 793 2234 proiecta
823 2182 916 2227 mei
947 2196 1169 2234 perpessa
1199 2197 1250 2227 es
1281 2181 1494 2227 membra
1524 2181 1791 2234 propinqui,

624 2285 674 2321 tu
706 2277 836 2321 nullo
867 2276 1025 2321 miseri
1057 2277 1263 2330 contegis
1294 2291 1399 2322 ossa
1430 2274 1578 2334 solo):

435 2404 446 2415 .
478 2371 690 2424 proxima
721 2371 960 2424 supposito
991 2371 1262 2425 contingens
1295 2371 1498 2417 Umbria
1528 2386 1695 2424 campo

626 2482 702 2512 me
732 2467 891 2520 genuit
921 2467 1056 2512 terris
1086 2467 1246 2512 fertilis
1278 2466 1516 2512 uberibus.

506 2657 688 2702 Versus
718 2656 747 2701 9
778 2657 955 2710 dubito,
987 2672 1046 2702 an
1078 2666 1325 2711 corruptus
1357 2658 1427 2702 sit.

424 3423 450 3471 ¹)
499 3427 553 3462 sic
578 3438 721 3470 quoque
748 3426 961 3463 Kraffertiuu
987 3422 1174 3472 (Beitrage
1199 3439 1233 3471 p·
1261 3424 1354 3472 141.)
