2566 3886
331 2421 402 2466 41.

363 3117 404 3162 4.

1123 256 1390 302 —262—

461 386 626 431 scribis
657 388 697 431 si
729 388 947 432 altera
978 387 1250 432 ratione
1281 402 1402 441 quae
1436 387 1885 441 Hertzbergii
1916 396 1987 433 est
2015 388 2179 441 quisic

462 481 609 526 verba
639 482 803 527 vertit:
838 482 1010 534 „Dann
1042 483 1133 527 wie
1165 483 1285 528 nach
1316 483 1572 528 tobendem
1605 482 1804 528 Schwall
1837 483 1914 528 die
1930 483 2079 538 Woge
2096 485 2180 530 des

462 575 655 621 Meeres
687 577 786 622 sich
818 577 939 630 leget
969 601 1027 607 —
1060 577 1216 623 Eurus
1248 587 1389 623 rastet
1414 578 1462 624 in
1486 578 1817 633 Kampfgegen
1835 579 1929 624 den
1946 580 2179 625 rasenden

462 670 559 716 Siid
591 696 649 703 -—
681 672 838 717 Wenn
870 687 945 717 am
975 672 1339 726 schweigenden
1370 671 1538 718 Strand
1571 689 1662 718 nur
1677 673 1791 719 leise
1807 675 1931 719 noch
1947 675 2181 719 murmeln

461 766 538 811 die
570 765 792 819 Diinen”‚
825 766 970 812 litoris
1001 767 1254 820 silentium,
1306 769 1435 822 quod
1467 768 1599 822 aquis
1631 768 1899 821 compositis
1930 767 1993 821 fit,
2024 768 2182 822 inepte

462 861 757 907 causahuius
776 862 844 907 rei
862 862 1046 915 dicitur,
1073 863 1276 909 altera
1306 863 1484 916 ratio,
1508 872 1559 909 ut
1580 878 1647 909 ac
1678 864 1882 909 veluti
1911 863 2183 909 rarescit

461 956 744 1010 interpositis
776 957 959 1003 duabus
990 957 1245 1010 sententiis,
1277 973 1303 1003 c
1320 973 1351 1003 u
1369 973 1415 1004 m
1435 991 1445 1003 .
1464 991 1475 1003 .
1493 991 1504 1003 .
1523 992 1534 1003 .
1567 973 1598 1012 p
1614 974 1643 1004 o
1660 974 1691 1004 n
1708 974 1739 1004 u
1753 974 1783 1004 n
1802 967 1819 1003 t
1861 967 1907 1004 et
1952 974 1984 1004 u
2001 958 2033 1003 b
2048 958 2063 1004 i
2080 991 2092 1003 .
2110 991 2121 1003 .
2139 991 2151 1003 .
2169 992 2181 1003 .

463 1053 493 1096 d
511 1067 576 1097 es
593 1052 607 1097 i
624 1068 655 1097 n
672 1052 687 1097 i
704 1061 734 1105 t,
767 1053 1088 1106 coniungatur,
1120 1053 1411 1099 artificiosior
1442 1063 1511 1099 est
1542 1069 1684 1108 quam
1716 1069 1838 1108 quae
1860 1054 2000 1099 tribui
2017 1063 2182 1107 poetae

463 1148 648 1202 queat”.
682 1148 797 1194 Non
814 1157 971 1193 tamen
988 1164 1075 1202 pro
1106 1148 1192 1194 sic
1220 1164 1328 1194 cum
1348 1149 1578 1195 Liveneio
1594 1158 1640 1195 et
1658 1149 1809 1195 Keilio
1838 1165 1859 1195 s
1873 1149 1947 1195 ub
1975 1149 2183 1195 scribere

462 1242 621 1295 velim,
653 1258 809 1297 neque
832 1258 941 1288 cum
959 1243 1246 1289 Baehrensio
1278 1245 1292 1289 1
1310 1244 1405 1289 ito
1421 1260 1445 1289 r
1460 1260 1487 1290 e
1501 1261 1532 1298 q
1549 1261 1580 1290 u
1597 1260 1624 1290 e
1656 1244 1670 1290 i
1691 1260 1736 1297 n,
1770 1244 1856 1299 (sic
1873 1244 1999 1290 enim
2017 1259 2182 1290 versus

463 1336 521 1381 33
558 1351 667 1382 cum
700 1336 757 1382 32
804 1337 1181 1392 coniungerem,
1227 1353 1336 1383 cum
1383 1354 1549 1385 versus
1595 1338 1652 1384 33
1699 1339 1857 1385 versui
1907 1338 1961 1384 31
2015 1341 2183 1385 adnec-

463 1432 634 1478 tendus
677 1430 839 1491 esset),
883 1434 966 1478 sed
1014 1448 1122 1479 cum
1171 1432 1373 1480 Nairnio
1419 1431 1534 1493 (1.1.)
1579 1449 1667 1488 pro
1713 1434 1810 1479 sic
1855 1443 1916 1480 ta
1932 1434 1989 1480 ci
2006 1442 2069 1479 to
2113 1448 2183 1480 re-

462 1542 590 1581 pono
621 1527 950 1581 sollicito‚
996 1529 1053 1574 cf.
1086 1528 1260 1583 Georg.
1293 1529 1379 1574 IV.
1411 1528 1524 1575 262:
1569 1538 1619 1574 ut
1655 1544 1785 1575 mare
1825 1529 2182 1576 sollicitum

463 1622 614 1667 stridit
644 1622 949 1669 refluentibus
980 1623 1132 1669 undis.
1167 1623 1340 1676 Restat,
1372 1632 1423 1669 ut
1450 1638 1667 1669 moneam
1695 1624 1923 1670 sublatam
1946 1623 2183 1678 Antiopae

463 1717 770 1763 calamitatem
805 1733 915 1764 cum
947 1719 1086 1764 undis
1117 1719 1287 1764 sedatis
1319 1719 1604 1772 comparari:
1635 1728 1758 1765 totus
1788 1719 1925 1774 igitur
1955 1720 2086 1766 locus
2117 1719 2183 1764 sic

463 1813 717 1860 scribatur:

581 1924 635 1955 ac
667 1910 828 1963 veluti,
860 1918 1052 1964 magnos
1084 1925 1192 1955 cum
1224 1918 1406 1963 ponunt
1436 1925 1642 1965 aequora
1673 1919 1840 1964 motuS,

688 2004 845 2050 Eurus
876 2005 957 2050 ubi
989 2006 1191 2051 adverso
1222 2005 1394 2051 desinit
1423 2005 1492 2051 ire
1525 2005 1672 2059 Noto,

581 2100 715 2146 litore
746 2100 951 2146 sollio
971 2100 1065 2146 ito
1096 2101 1275 2146 sonitus
1306 2102 1499 2147 rarescit
1529 2103 1746 2155 harenae,

686 2195 767 2248 sic,
799 2196 922 2241 cadit
942 2193 983 2254 1)
1014 2205 1080 2242 ut
1110 2197 1232 2242 flexo
1251 2194 1293 2255 ²)
1323 2197 1452 2250 lapsa
1481 2198 1638 2251 puella
1667 2206 1803 2250 genu,

584 2305 688 2336 sera
718 2300 874 2336 tamen
905 2292 1051 2345 pietas
1083 2292 1201 2337 natis
1233 2301 1290 2337 et
1308 2289 1350 2350 3)
1382 2292 1592 2345 cognitus
1624 2307 1770 2336 error.

466 2421 606 2467 Prata
636 2430 940 2468 cruentantur
972 2422 1111 2467 Zethi
1142 2422 1387 2476 victorque
1419 2422 1616 2468 canebat

542 2517 729 2562 Paeana
758 2517 1004 2571 Amphion
1035 2532 1167 2570 rupe,
1200 2518 1491 2571 Aracynthe,
1523 2527 1603 2563 tua

464 2612 638 2658 Prata
670 2612 839 2658 Zethi
872 2613 1039 2666 {rigere
1070 2613 1173 2658 iure
1189 2612 1409 2658 observat
1441 2612 1662 2666 Heynius
1677 2613 1737 2657 ad
1750 2613 1894 2667 Verg.
1912 2614 1998 2659 ecl.
2017 2614 2078 2666 11,
2095 2613 2182 2666 23;

466 2708 688 2762 equidem
720 2723 829 2753 cum
862 2708 988 2754 Italis
1020 2708 1198 2754 Zetho
1230 2708 1480 2762 legendum
1512 2723 1615 2753 esse
1647 2723 1833 2753 censeo.

1050 2986 1304 3032 ELEGIA
1335 2986 1472 3031 XVI.

468 3117 644 3162 Iniuria
685 3126 914 3169 spernunt
947 3117 1194 3162 Rothstein
1226 3126 1271 3162 et
1303 3117 1577 3163 Phillimore
1621 3118 1871 3170 lympha
1913 3117 2041 3170 quod
2084 3132 2183 3162 cor-

467 3211 587 3257 rexit
617 3212 819 3256 altera
849 3227 1015 3257 manus
1046 3212 1095 3256 in
1126 3212 1290 3257 codice
1322 3212 1378 3256 F.

386 3329 414 3376 ¹)

464 3333 536 3367 niti
559 3333 656 3367 forte
686 3340 848 3373 praestat
874 3345 940 3374 pro
966 3335 1110 3368 cadit
1136 3346 1219 3369 cum
1248 3335 1474 3369 Bnehrensio
1499 3335 1554 3368 ad
1570 3334 1581 3368 i
1596 3341 1610 3367 t
1636 3334 1810 3368 scribere.

383 3388 411 3435 ²)
458 3399 511 3426 ut
535 3403 603 3433 pro
629 3388 803 3435 in(flexo)
829 3403 913 3427 cum
938 3393 1091 3428 Jacobo.

385 3447 415 3493 ’)

465 3451 519 3485 nic
543 3451 626 3486 Itali
652 3463 719 3492 pro
744 3462 765 3485 e
780 3458 805 3486 t.
