2566 3886
351 2514 392 2559 5.
409 2514 451 2559 6.

1147 284 1413 330 —179—

1044 486 1299 532 ELEGIA
1329 486 1516 531 XXXI.

491 618 763 671 Antequam
808 619 868 663 de
912 618 1101 671 singulis
1139 617 1353 662 versibus
1391 617 1530 661 huius
1566 616 1785 661 carminis
1823 616 1991 667 dicam,
2032 630 2205 660 moneo

496 713 839 758 Phillimorium
876 721 1081 757 nostram
1119 712 1312 765 elegiam
1350 727 1458 756 cum
1497 711 1711 765 sequenti
1745 711 2043 764 coniungere,
2076 711 2205 764 quod

490 808 538 852 in
571 823 713 852 versu
745 807 957 859 XXXII,
990 807 1016 851 7
1049 822 1224 852 nexum
1256 815 1470 851 constare
1501 814 1702 851 censeat.

489 903 646 948 Acute
699 912 856 948 tamen
911 902 1242 947 Lachmannus
1294 901 1513 946 observat
1563 908 1749 953 poetam
1795 899 2067 953 quaeris,
2098 914 2207 944 cur

488 998 736 1043 veniam
774 997 893 1042 tibi
930 996 1178 1042 tardior
1215 995 1433 1047 dicendo,
1465 1009 1561 1039 non
1592 994 1878 1039 venerim
1917 993 2125 1039 indicare
2156 1009 2206 1038 se

490 1094 581 1137 hoc
615 1108 805 1137 carmen
837 1093 915 1137 vel
945 1107 1005 1136 ex
1035 1100 1248 1144 tempore
1278 1090 1455 1135 fudisse
1486 1091 1563 1135 vel
1595 1090 1658 1134 ita
1687 1090 1849 1134 saltem
1881 1089 2034 1134 videri
2064 1089 2201 1134 velle.

492 1188 707 1241 Longum
739 1187 877 1241 igitur
906 1201 1097 1232 carmen
1129 1201 1225 1231 non
1257 1186 1624 1239 exspectandum
1656 1192 1739 1236 est,
1769 1199 1830 1228 ex
1860 1198 1955 1237 quo
1977 1184 2201 1237 sequitur,

487 1291 538 1327 ut
570 1291 697 1327 recte
730 1281 989 1326 Beroaldus
1021 1290 1233 1326 nostrum
1264 1295 1292 1325 a
1322 1280 1536 1334 sequenti
1568 1279 1805 1332 separarit.

486 1481 658 1517 tanta
699 1481 797 1516 erat
839 1471 887 1516 in
929 1471 1135 1525 speciem
1175 1470 1346 1516 Poenis
1384 1470 1559 1523 digesta
1595 1469 1839 1514 columnis·
1883 1467 2081 1514 Tanta
2106 1469 2198 1514 iam

487 1567 611 1612 Italis
664 1566 979 1619 suspicionem
1025 1565 1186 1617 movit,
1233 1565 1314 1619 qui
1361 1573 1490 1609 tota
1537 1563 1838 1616 scripserunt.
1886 1563 2199 1609 Baehrensius

483 1670 720 1716 quanta
750 1661 988 1706 coniciens
1019 1669 1231 1706 nostrum
1264 1659 1496 1705 distichon
1529 1664 1635 1704 non'
1656 1659 1814 1712 inepte
1835 1674 1944 1704 cum
1964 1659 2199 1712 prioribus

482 1755 698 1801 versibus
731 1756 771 1800 l.
802 1755 830 1800 2
861 1755 1126 1800 coniunxit:

636 1851 851 1902 Quaeris,
883 1866 969 1896 cur
999 1850 1186 1895 veniam
1217 1849 1301 1894 tibi
1332 1848 1542 1894 tardior?
1573 1864 1715 1894 aurea
1746 1848 1927 1894 Phoebi

753 1945 968 1990 Porticus
999 1960 1027 1990 a
1057 1954 1225 1999 magno
1256 1944 1462 1991 Caesare
1492 1954 1652 1998 aperta
1682 1945 1780 1997 fuit,

634 2041 823 2093 Quanta
853 2050 952 2086 erat
982 2041 1030 2085 in
1062 2040 1282 2094 speciem,
1315 2040 1486 2086 Poenis
1518 2040 1693 2094 digesta
1722 2040 1968 2093 columnis,

753 2135 882 2180 Inter
913 2151 1028 2189 quas
1060 2136 1212 2180 Danai
1244 2136 1417 2181 femina
1447 2136 1584 2181 turba
1615 2136 1752 2181 senis.

482 2228 574 2275 Sed
596 2238 723 2275 recte
746 2245 797 2275 se
820 2230 961 2275 habet
981 2231 1184 2283 vulgata:
1215 2239 1388 2275 tanta
1418 2231 1545 2276 enim
1577 2239 1693 2276 tam
1726 2230 1911 2284 digna
1941 2231 2196 2276 admira-

482 2325 658 2370 tione
696 2325 931 2378 significat,
963 2325 1022 2370 cf.
1057 2325 1403 2370 Rothsteinium
1435 2327 1494 2370 ad
1525 2326 1653 2371 hunc
1684 2340 1890 2371 versum.

484 2514 825 2568 Unusquisque
868 2523 1074 2560 nostram
1120 2515 1314 2568 elegiam
1358 2515 1602 2569 perlegens
1645 2515 1889 2560 mirabitur
1931 2516 2027 2561 duo
2067 2516 2196 2570 signa

481 2609 717 2661 Apollinis
733 2609 1092 2654 commemorari
1110 2610 1238 2654 nulla
1252 2624 1304 2654 re
1321 2610 1491 2661 addita,
1508 2625 1568 2654 ex
1583 2625 1677 2663 qua
1691 2610 1947 2664 intelligere
1963 2610 2195 2663 possimus

486 2704 582 2748 duo
627 2703 704 2748 illa
750 2704 998 2749 simulacra
1040 2704 1162 2749 inter
1204 2719 1254 2749 se
1297 2705 1498 2749 differre.
1542 2705 1744 2750 Accedit
1785 2706 1914 2759 quod
1957 2720 2122 2750 versus
2166 2705 2193 2750 5

486 2797 898 2850 interpretantibus
940 2798 1255 2844 difficultatem
1296 2799 1454 2844 offert:
1491 2800 1523 2843 h
1537 2799 1551 2843 i
1565 2814 1591 2844 c
1628 2799 1755 2844 enim
1795 2809 1874 2844 aut
1914 2815 2192 2852 pronomen,

481 2900 560 2936 aut
599 2892 878 2937 adverbium
919 2907 1022 2937 esse
1063 2893 1217 2938 debet.
1261 2893 1308 2938 Si
1351 2908 1438 2946 pro
1480 2894 1761 2947 pronomine
1807 2894 2049 2947 habemus,
2095 2910 2191 2940 non

482 2985 599 3029 dixit
628 2994 779 3037 poeta,
811 3002 842 3030 u
857 2986 915 3030 bi
947 2986 1129 3039 signum
1162 2987 1364 3039 positum
1396 2997 1541 3040 esset:
1573 2988 1644 3033 sin
1675 2990 1707 3033 h
1722 2989 1735 3032 i
1749 3004 1776 3032 c
1806 2989 2085 3034 adverbium
2107 2998 2190 3042 est,

481 3079 709 3124 sententia
738 3078 834 3137 (vs.
867 3077 921 3137 5)
952 3081 1162 3126 subiecto
1193 3091 1342 3134 caret3
1375 3097 1530 3135 neque
1562 3091 1689 3126 recte
1719 3083 1841 3127 hanc
1874 3082 2189 3128 difficultatem

480 3189 702 3227 superare
733 3190 972 3227 conamur,
1003 3177 1041 3220 si
1073 3192 1181 3220 cum
1214 3176 1458 3221 Hoeufftio
1489 3185 1535 3221 et
1566 3176 1807 3221 Palmero:

630 3268 708 3313 hic
738 3266 1014 3327 (Phoebus)
1034 3268 1075 3327 l)
1106 3270 1303 3315 Phoebo
1333 3270 1462 3315 visus
1493 3270 1607 3314 mibi
1639 3270 1880 3322 pulchrior
1909 3270 2011 3322 ipso

398 3397 426 3442 ¹)

475 3400 645 3440 equidem
670 3411 745 3434 non
778 3411 798 3433 e
812 3407 833 3442 g
846 3412 869 3434 o
904 3413 926 3442 q
940 3402 1024 3435 uid
1039 3413 1059 3435 e
1074 3413 1110 3435 m
1141 3413 1236 3443 esse,
1262 3404 1326 3436 sed
1352 3413 1399 3436 ex
1424 3413 1444 3435 e
1470 3398 1530 3445 (cf.
1554 3398 1687 3445 e-nim)
1712 3409 1750 3436 et
1775 3413 1798 3442 q
1811 3402 1896 3436 uid
1910 3413 1931 3436 e
1945 3414 1981 3436 m
2015 3409 2186 3436 conat-re

347 3459 583 3493 notissimum
609 3466 677 3499 eut,
706 3459 752 3492 ot.
779 3458 945 3494 Persium
973 3460 1003 3494 1.
1032 3460 1117 3495 110:
1145 3471 1209 3501 per
1233 3472 1292 3495 me
1317 3461 1487 3502 equidem
1512 3462 1587 3495 sint
1608 3461 1732 3496 omnia
1760 3462 1927 3501 protinu-
1951 3462 2045 3496 alba.
