2566 3886
339 1699 410 1746 25.

340 2885 412 2931 29.

1130 279 1395 326 —205—

480 412 655 459 Omnia
685 420 789 465 post
818 411 998 456 obitum
1029 411 1157 465 fingit
1187 412 1365 456 maiora
1393 420 1612 456 vetustas.

479 507 697 560 Solbisky
726 505 831 565 (De
867 506 1034 552 Codic.
1080 521 1125 559 p.
1174 503 1286 565 175)
1316 522 1484 552 vocem
1517 507 1739 552 Famae
1771 506 1898 551 unde
1930 515 2090 551 natum
2122 516 2193 552 est

479 619 511 648 v
528 619 555 648 e
572 612 589 647 t
604 619 636 648 u
652 611 751 648 sta
766 618 793 648 e
825 618 884 647 ex
914 603 1329 656 interpretamento
1361 602 1602 655 irrepsisse
1633 610 1806 646 censet.

480 698 700 743 Fortasse
745 706 902 742 tamen
948 697 973 741 f
982 712 1116 741 ama
1161 705 1316 742 ortum
1354 705 1423 741 est
1454 712 1513 742 ex
1544 696 1776 742 vocabulo
1807 696 1951 741 fatu
1969 712 2030 750 m,
2062 698 2191 750 quod

477 802 529 839 ut
579 794 723 838 altera
765 793 903 838 lectio
949 806 1090 844 supra
1134 807 1163 836 o
1181 791 1212 836 b
1229 791 1243 836 i
1261 800 1278 835 t
1294 807 1325 836 u
1342 807 1389 836 m
1437 792 1661 845 scriptum
1708 800 1831 844 erat;
1879 791 2019 837 habet
2065 793 2191 837 enim

478 888 847 940 manuscriptum
881 887 927 939 Q
962 886 1192 931 Martialis
1223 887 1282 931 ad
1313 886 1375 931 V.
1410 885 1465 931 10
1489 900 1498 929 ε

594 983 752 1029 omnia
782 991 886 1035 post
915 982 1061 1027 fatum
1092 981 1221 1035 fingit
1251 981 1428 1026 maiora
1457 989 1690 1026 vetustas:

639 1077 788 1123 maius
819 1077 878 1122 ab
910 1075 1121 1130 exequiis
1155 1090 1330 1120 nomen
1361 1075 1409 1120 in
1442 1091 1525 1120 ora
1554 1076 1703 1129 venit3

475 1175 513 1220 si
558 1174 696 1228 igitur
740 1172 956 1217 librarius
1001 1172 1117 1216 haec
1160 1171 1290 1223 petiit
1321 1185 1381 1215 ex
1412 1171 1539 1216 fonte
1570 1172 1706 1216 nobis
1740 1172 1910 1226 ignoto,
1942 1188 2097 1227 neque
2125 1189 2185 1218 ex

473 1268 700 1314 memoria
712 1267 874 1319 fallaci,
889 1281 983 1311 non
998 1266 1154 1318 inepte
1168 1265 1342 1318 fingere
1356 1280 1604 1318 possumus
1617 1275 1931 1312 correctorem
1945 1269 2183 1321 quendam

474 1365 522 1409 in
554 1362 883 1415 manuscripto,
917 1361 1045 1406 unde
1076 1360 1126 1405 N
1161 1360 1447 1414 descriptum
1465 1369 1548 1413 est,
1565 1375 1706 1414 supra
1722 1362 1930 1407 obitum
1948 1363 2186 1417 scripsisse

474 1461 611 1504 latu
629 1474 691 1510 m,
737 1458 865 1511 quod
911 1465 1072 1509 postea
1117 1471 1203 1509 pro
1240 1456 1532 1502 correctione
1563 1457 1693 1502 vocis
1725 1473 1754 1503 o
1771 1473 1817 1502 m
1835 1458 1942 1503 nia
1973 1458 2182 1504 habitum

473 1555 531 1600 sit
562 1563 607 1599 et
640 1554 687 1598 in
720 1554 924 1598 lamae
956 1560 1244 1604 corruptum.

472 1713 580 1743 nam
611 1696 717 1750 quis
748 1710 872 1749 equo
904 1696 1058 1747 pulsas
1089 1694 1286 1748 abiegno
1317 1703 1532 1739 nosceret
1562 1710 1707 1747 arces,

527 1792 815 1845 fluminaque
848 1790 1118 1835 Haemonio
1150 1790 1413 1835 comminus
1444 1790 1534 1835 isse
1566 1790 1684 1842 viro,

471 1889 666 1934 Idaeum
698 1886 948 1932 Simoenta.

479 1983 593 2028 Post
623 1982 902 2028 Simoenta
931 1982 1097 2025 lacuna
1128 1989 1197 2026 est
1227 1981 1275 2025 in
1309 1979 1643 2033 Neapolitan03
1675 1981 1818 2026 ceteri
1850 1982 2049 2027 habent:

591 2078 785 2122 Idaeum
818 2074 1055 2121 Simoenta
1087 2076 1213 2120 Iovis
1245 2074 1477 2120 cunabula
1506 2076 1639 2128 parvi

474 2173 806 2218 Lachmannus
837 2179 884 2215 et
916 2170 1154 2222 Hauptius
1183 2167 1353 2228 (index
1384 2170 1488 2214 lect.
1521 2170 1679 2215 Berlin
1714 2170 1917 2216 1854—5
1936 2187 1980 2210 =
2004 2172 2182 2225 Opusc.

473 2269 520 2314 ΙΙ
567 2283 611 2320 p.
643 2263 846 2324 52—66)
877 2266 1318 2310 demonstraverunt
1355 2265 1604 2310 lectionem
1652 2266 1829 2311 Iovis
1875 2268 2184 2313 cunabula

469 2363 649 2418 parvi
678 2362 869 2408 defendi
900 2376 995 2406 non
1026 2375 1177 2414 posse.

471 2459 599 2505 Cum
632 2458 913 2503 Housmano
943 2454 1136 2514 (Journ.
1167 2456 1215 2500 ol
1242 2455 1409 2501 Philol.
1442 2455 1562 2501 XXI
1591 2471 1636 2509 p.
1655 2454 1781 2515 126.)
1797 2457 1991 2511 aliisque
2007 2458 2183 2512 recipio

471 2554 786 2600 coniecturam
819 2551 880 2597 G.
912 2551 1085 2596 Wolffii

592 2649 786 2694 Idaeum
818 2646 1055 2693 Simoenta
1086 2646 1212 2691 Iovis
1243 2643 1377 2703 (cum
1409 2646 1542 2699 prole
1573 2645 1874 2705 Scamando).

474 2744 570 2789 Hic
602 2759 749 2788 unum
781 2758 840 2787 ex
872 2742 926 2787 iis
957 2741 1071 2787 locis
1102 2741 1344 2793 habemus,
1376 2741 1457 2786 ubi
1490 2740 1535 2786 Ο
1568 2741 1830 2794 interpolati
1862 2751 1982 2787 sunt.

474 2884 874 2937 Deiphobumque
907 2883 1245 2935 Helenumque
1276 2891 1323 2928 et
1354 2916 1365 2926 .
1398 2916 1409 2926 .
1442 2916 1453 2927 .
1487 2916 1498 2927 .
1531 2883 1579 2927 in
1610 2884 1751 2928 armis

591 2980 984 3033 qualemcumque
1014 2978 1172 3022 Parim
1204 2978 1286 3022 vix
1316 2993 1399 3022 sua
1429 2986 1586 3023 nosset
1615 2979 1801 3023 humus.

472 3074 527 3118 In
559 3074 738 3125 lacuna,
770 3087 911 3125 quam
944 3072 991 3116 in
1023 3072 1296 3116 hexametro
1327 3072 1510 3124 reliqui,
1527 3072 1656 3117 varia
1672 3073 1831 3125 legunt
1847 3073 2179 3126 manuscripta:

466 3168 848 3221 poliledamantes
879 3166 962 3218 N;
994 3166 1334 3218 pulidamantes
1364 3165 1464 3210 FL.

471 3261 688 3314 Scaligeri
749 3261 1026 3306 lectionem:
1098 3260 1583 3312 Polydamanta
1656 3260 1792 3305 sine
1865 3261 2058 3306 armis
2134 3270 2180 3307 et

473 3356 695 3400 Italorum
771 3363 1139 3400 commentum:
1229 3354 1713 3407 Polydamanta
1787 3356 1904 3400 sub
1979 3356 2179 3401 armis

475 3449 710 3503 redarguit
741 3449 1086 3494 Lachmannus.
