<?xml version="1.0" encoding="UTF-8"?>
<!DOCTYPE html PUBLIC "-//W3C//DTD XHTML 1.0 Transitional//EN"
    "http://www.w3.org/TR/xhtml1/DTD/xhtml1-transitional.dtd">
<html xmlns="http://www.w3.org/1999/xhtml" xml:lang="en" lang="en">
 <head>
  <title>
</title>
<meta http-equiv="Content-Type" content="text/html;charset=utf-8" />
  <meta name='ocr-system' content='tesseract 3.04.00' />
  <meta name='ocr-capabilities' content='ocr_page ocr_carea ocr_par ocr_line ocrx_word'/>
</head>
<body>
  <div class='ocr_page' id='page_1' title='image "./adpropertiicarmi00enkpuoft_0327.png"; bbox 0 0 2566 3886; ppageno 0'>
   <div class='ocr_carea' id='block_1_1' title="bbox 1112 257 1379 303">
    <p class='ocr_par' dir='ltr' id='par_1_1' title="bbox 1112 257 1379 303">
     <span class='ocr_line' id='line_1_1' title="bbox 1112 257 1379 303; baseline 0.004 -1"><span class='ocrx_word' id='word_1_1' title='bbox 1112 257 1379 303; x_wconf 84' lang='lat'><strong>—311—</strong></span> 
     </span>
    </p>
   </div>
   <div class='ocr_carea' id='block_1_2' title="bbox 1051 460 1423 506">
    <p class='ocr_par' dir='ltr' id='par_1_2' title="bbox 1051 460 1423 506">
     <span class='ocr_line' id='line_1_2' title="bbox 1051 460 1423 506; baseline 0.003 -1"><span class='ocrx_word' id='word_1_2' title='bbox 1051 460 1306 506; x_wconf 90' lang='lat' dir='ltr'><strong>ELEGIA</strong></span> <span class='ocrx_word' id='word_1_3' title='bbox 1338 460 1423 506; x_wconf 91' lang='lat' dir='ltr'>IV.</span> 
     </span>
    </p>
   </div>
   <div class='ocr_carea' id='block_1_3' title="bbox 452 570 2163 930">
    <p class='ocr_par' dir='ltr' id='par_1_3' title="bbox 452 570 2163 930">
     <span class='ocr_line' id='line_1_3' title="bbox 454 570 2163 644; baseline 0 -9"><span class='ocrx_word' id='word_1_4' title='bbox 454 591 550 643; x_wconf 89' lang='lat' dir='ltr'>Qui</span> <span class='ocrx_word' id='word_1_5' title='bbox 596 591 779 636; x_wconf 89' lang='lat' dir='ltr'>initium</span> <span class='ocrx_word' id='word_1_6' title='bbox 826 591 964 636; x_wconf 89' lang='lat' dir='ltr'>buius</span> <span class='ocrx_word' id='word_1_7' title='bbox 1010 591 1230 635; x_wconf 83' lang='lat' dir='ltr'><strong>carminis</strong></span> <span class='ocrx_word' id='word_1_8' title='bbox 1276 591 1397 644; x_wconf 88' lang='lat' dir='ltr'>legit,</span> <span class='ocrx_word' id='word_1_9' title='bbox 1444 606 1539 636; x_wconf 90' lang='lat' dir='ltr'>non</span> <span class='ocrx_word' id='word_1_10' title='bbox 1575 570 1854 635; x_wconf 72' lang='lat' dir='ltr'>admonitus</span> <span class='ocrx_word' id='word_1_11' title='bbox 1885 591 1985 635; x_wconf 92' lang='lat' dir='ltr'>sine</span> <span class='ocrx_word' id='word_1_12' title='bbox 2018 591 2163 636; x_wconf 92' lang='lat' dir='ltr'>dubio</span> 
     </span>
     <span class='ocr_line' id='line_1_4' title="bbox 452 678 2162 743; baseline -0.001 -13"><span class='ocrx_word' id='word_1_13' title='bbox 452 686 632 738; x_wconf 90' lang='lat' dir='ltr'>putabit</span> <span class='ocrx_word' id='word_1_14' title='bbox 660 686 838 731; x_wconf 88' lang='lat' dir='ltr'>fontem</span> <span class='ocrx_word' id='word_1_15' title='bbox 871 686 1002 731; x_wconf 90' lang='lat' dir='ltr'>illum</span> <span class='ocrx_word' id='word_1_16' title='bbox 1033 701 1093 730; x_wconf 82' lang='lat' dir='ltr'>ex</span> <span class='ocrx_word' id='word_1_17' title='bbox 1123 700 1219 738; x_wconf 92' lang='lat' dir='ltr'>quo</span> <span class='ocrx_word' id='word_1_18' title='bbox 1250 684 1452 737; x_wconf 90' lang='lat' dir='ltr'>Tarpeia</span> <span class='ocrx_word' id='word_1_19' title='bbox 1476 701 1645 739; x_wconf 90' lang='lat' dir='ltr'>aquam</span> <span class='ocrx_word' id='word_1_20' title='bbox 1671 678 1853 730; x_wconf 84' lang='lat' dir='ltr'>hauriat</span> <span class='ocrx_word' id='word_1_21' title='bbox 1883 684 2052 743; x_wconf 88' lang='lat' dir='ltr'>(versu</span> <span class='ocrx_word' id='word_1_22' title='bbox 2083 685 2162 730; x_wconf 85' lang='lat'>15:</span> 
     </span>
     <span class='ocr_line' id='line_1_5' title="bbox 452 777 2163 836; baseline 0.001 -11"><span class='ocrx_word' id='word_1_23' title='bbox 452 780 562 825; x_wconf 91' lang='lat' dir='ltr'>hinc</span> <span class='ocrx_word' id='word_1_24' title='bbox 593 780 795 833; x_wconf 90' lang='lat' dir='ltr'>Tarpeia</span> <span class='ocrx_word' id='word_1_25' title='bbox 825 781 942 825; x_wconf 89' lang='lat' dir='ltr'>deae</span> <span class='ocrx_word' id='word_1_26' title='bbox 972 780 1151 825; x_wconf 90' lang='lat' dir='ltr'>fontem</span> <span class='ocrx_word' id='word_1_27' title='bbox 1183 777 1371 836; x_wconf 90' lang='lat' dir='ltr'>libavit)</span> <span class='ocrx_word' id='word_1_28' title='bbox 1403 781 1609 824; x_wconf 91' lang='lat' dir='ltr'>eundem</span> <span class='ocrx_word' id='word_1_29' title='bbox 1642 795 1744 824; x_wconf 89' lang='lat' dir='ltr'>esse</span> <span class='ocrx_word' id='word_1_30' title='bbox 1775 789 1915 833; x_wconf 89' lang='lat' dir='ltr'>atque</span> <span class='ocrx_word' id='word_1_31' title='bbox 1946 796 2070 833; x_wconf 91' lang='lat' dir='ltr'>eum,</span> <span class='ocrx_word' id='word_1_32' title='bbox 2102 782 2163 826; x_wconf 94' lang='lat' dir='ltr'>de</span> 
     </span>
     <span class='ocr_line' id='line_1_6' title="bbox 453 874 2163 930; baseline -0.001 -9"><span class='ocrx_word' id='word_1_33' title='bbox 453 891 549 930; x_wconf 90' lang='lat' dir='ltr'>quo</span> <span class='ocrx_word' id='word_1_34' title='bbox 594 876 892 928; x_wconf 80' lang='lat' dir='ltr'>praecedenti</span> <span class='ocrx_word' id='word_1_35' title='bbox 939 890 1080 920; x_wconf 91' lang='lat' dir='ltr'>versu</span> <span class='ocrx_word' id='word_1_36' title='bbox 1127 890 1283 919; x_wconf 91' lang='lat' dir='ltr'>sermo</span> <span class='ocrx_word' id='word_1_37' title='bbox 1329 874 1492 926; x_wconf 63' lang='lat' dir='ltr'>fuerin</span> <span class='ocrx_word' id='word_1_38' title='bbox 1540 874 1577 919; x_wconf 94' lang='lat' dir='ltr'>si</span> <span class='ocrx_word' id='word_1_39' title='bbox 1609 884 1771 927; x_wconf 89' lang='lat' dir='ltr'>postea</span> <span class='ocrx_word' id='word_1_40' title='bbox 1802 876 2163 920; x_wconf 84' lang='lat' dir='ltr'>commentarios</span> 
     </span>
    </p>
   </div>
   <div class='ocr_carea' id='block_1_4' title="bbox 451 968 2164 1024">
    <p class='ocr_par' dir='ltr' id='par_1_4' title="bbox 451 968 2164 1024">
     <span class='ocr_line' id='line_1_7' title="bbox 451 968 2164 1024; baseline 0 -9"><span class='ocrx_word' id='word_1_41' title='bbox 451 970 677 1024; x_wconf 84' lang='lat' dir='ltr'>inspiciet,</span> <span class='ocrx_word' id='word_1_42' title='bbox 722 970 966 1015; x_wconf 88' lang='lat' dir='ltr'>mirabitur</span> <span class='ocrx_word' id='word_1_43' title='bbox 1008 985 1119 1014; x_wconf 91' lang='lat' dir='ltr'>sane</span> <span class='ocrx_word' id='word_1_44' title='bbox 1156 985 1206 1014; x_wconf 96' lang='lat' dir='ltr'>se</span> <span class='ocrx_word' id='word_1_45' title='bbox 1238 984 1443 1014; x_wconf 86' lang='lat' dir='ltr'>errasse:</span> <span class='ocrx_word' id='word_1_46' title='bbox 1476 985 1618 1014; x_wconf 87' lang='lat' dir='ltr'>versu</span> <span class='ocrx_word' id='word_1_47' title='bbox 1652 969 1779 1014; x_wconf 93' lang='lat' dir='ltr'>enim</span> <span class='ocrx_word' id='word_1_48' title='bbox 1820 968 1874 1013; x_wconf 87' lang='grc'>15</span> <span class='ocrx_word' id='word_1_49' title='bbox 1906 969 2164 1023; x_wconf 85' lang='lat' dir='ltr'>significare</span> 
     </span>
    </p>
   </div>
   <div class='ocr_carea' id='block_1_5' title="bbox 380 1063 2163 1119">
    <p class='ocr_par' dir='ltr' id='par_1_5' title="bbox 380 1063 2163 1119">
     <span class='ocr_line' id='line_1_8' title="bbox 380 1063 2163 1119; baseline 0 -9"><span class='ocrx_word' id='word_1_50' title='bbox 380 1092 383 1095; x_wconf 94' lang='lat'>-</span> <span class='ocrx_word' id='word_1_51' title='bbox 452 1065 613 1110; x_wconf 91' lang='lat' dir='ltr'>dicunt</span> <span class='ocrx_word' id='word_1_52' title='bbox 658 1065 851 1117; x_wconf 86' lang='lat' dir='ltr'>fontem,</span> <span class='ocrx_word' id='word_1_53' title='bbox 898 1066 958 1109; x_wconf 92' lang='lat' dir='ltr'>de</span> <span class='ocrx_word' id='word_1_54' title='bbox 1004 1079 1099 1118; x_wconf 92' lang='lat' dir='ltr'>quo</span> <span class='ocrx_word' id='word_1_55' title='bbox 1137 1072 1274 1119; x_wconf 88' lang='lat' dir='ltr'>poeta</span> <span class='ocrx_word' id='word_1_56' title='bbox 1298 1063 1526 1109; x_wconf 91' lang='lat' dir='ltr'>&#39;versibus</span> <span class='ocrx_word' id='word_1_57' title='bbox 1564 1063 1636 1108; x_wconf 86' lang='lat'>5.6</span> <span class='ocrx_word' id='word_1_58' title='bbox 1673 1064 1856 1108; x_wconf 92' lang='lat' dir='ltr'>locutus</span> <span class='ocrx_word' id='word_1_59' title='bbox 1888 1064 1968 1108; x_wconf 90' lang='lat' dir='ltr'>sit:</span> <span class='ocrx_word' id='word_1_60' title='bbox 2006 1079 2163 1118; x_wconf 91' lang='lat' dir='ltr'>neque</span> 
     </span>
    </p>
   </div>
   <div class='ocr_carea' id='block_1_6' title="bbox 404 1159 2165 3394">
    <p class='ocr_par' dir='ltr' id='par_1_6' title="bbox 404 1159 2165 3394">
     <span class='ocr_line' id='line_1_9' title="bbox 450 1159 2165 1213; baseline -0.001 -9"><span class='ocrx_word' id='word_1_61' title='bbox 450 1159 619 1205; x_wconf 90' lang='lat' dir='ltr'>iniuria</span> <span class='ocrx_word' id='word_1_62' title='bbox 665 1159 921 1212; x_wconf 90' lang='lat' dir='ltr'>mirabitur,</span> <span class='ocrx_word' id='word_1_63' title='bbox 966 1174 1074 1204; x_wconf 90' lang='lat' dir='ltr'>nam</span> <span class='ocrx_word' id='word_1_64' title='bbox 1121 1159 1226 1213; x_wconf 85' lang='lat' dir='ltr'>quis</span> <span class='ocrx_word' id='word_1_65' title='bbox 1272 1174 1480 1212; x_wconf 92' lang='lat' dir='ltr'>unquam</span> <span class='ocrx_word' id='word_1_66' title='bbox 1524 1159 1683 1203; x_wconf 91' lang='lat' dir='ltr'>credat</span> <span class='ocrx_word' id='word_1_67' title='bbox 1720 1167 1906 1212; x_wconf 90' lang='lat' dir='ltr'>poetam</span> <span class='ocrx_word' id='word_1_68' title='bbox 1938 1159 2039 1204; x_wconf 90' lang='lat' dir='ltr'>sine</span> <span class='ocrx_word' id='word_1_69' title='bbox 2071 1160 2165 1204; x_wconf 90' lang='lat' dir='ltr'>ulla</span> 
     </span>
     <span class='ocr_line' id='line_1_10' title="bbox 450 1254 2163 1308; baseline -0.001 -8"><span class='ocrx_word' id='word_1_70' title='bbox 450 1270 588 1301; x_wconf 89' lang='lat' dir='ltr'>causa</span> <span class='ocrx_word' id='word_1_71' title='bbox 618 1255 792 1308; x_wconf 77' lang='lat' dir='ltr'>elegiae</span> <span class='ocrx_word' id='word_1_72' title='bbox 822 1254 1166 1307; x_wconf 87' lang='lat' dir='ltr'>pulcherrimae</span> <span class='ocrx_word' id='word_1_73' title='bbox 1197 1254 1492 1307; x_wconf 90' lang='lat' dir='ltr'>prooemium</span> <span class='ocrx_word' id='word_1_74' title='bbox 1524 1262 1617 1299; x_wconf 89' lang='lat' dir='ltr'>tam</span> <span class='ocrx_word' id='word_1_75' title='bbox 1650 1254 1850 1299; x_wconf 89' lang='lat' dir='ltr'>obscure</span> <span class='ocrx_word' id='word_1_76' title='bbox 1873 1254 2163 1308; x_wconf 88' lang='lat' dir='ltr'>confuseque</span> 
     </span>
     <span class='ocr_line' id='line_1_11' title="bbox 450 1349 2160 1404; baseline -0.001 -9"><span class='ocrx_word' id='word_1_77' title='bbox 450 1350 703 1404; x_wconf 85' lang='lat' dir='ltr'>scripsisse,</span> <span class='ocrx_word' id='word_1_78' title='bbox 734 1358 785 1394; x_wconf 92' lang='lat' dir='ltr'>ut</span> <span class='ocrx_word' id='word_1_79' title='bbox 816 1365 957 1395; x_wconf 91' lang='lat' dir='ltr'>nemo</span> <span class='ocrx_word' id='word_1_80' title='bbox 988 1350 1035 1394; x_wconf 91' lang='lat' dir='ltr'>id</span> <span class='ocrx_word' id='word_1_81' title='bbox 1067 1350 1296 1401; x_wconf 90' lang='lat' dir='ltr'>enucleet‚</span> <span class='ocrx_word' id='word_1_82' title='bbox 1328 1349 1416 1394; x_wconf 93' lang='lat' dir='ltr'>nisi</span> <span class='ocrx_word' id='word_1_83' title='bbox 1448 1349 1529 1403; x_wconf 92' lang='lat' dir='ltr'>qui</span> <span class='ocrx_word' id='word_1_84' title='bbox 1558 1349 1743 1403; x_wconf 91' lang='lat' dir='ltr'>saepius</span> <span class='ocrx_word' id='word_1_85' title='bbox 1775 1358 2035 1403; x_wconf 84' lang='lat' dir='ltr'>magnaque</span> <span class='ocrx_word' id='word_1_86' title='bbox 2051 1364 2160 1394; x_wconf 92' lang='lat' dir='ltr'>cum</span> 
     </span>
     <span class='ocr_line' id='line_1_12' title="bbox 450 1444 1783 1499; baseline -0.002 -8"><span class='ocrx_word' id='word_1_87' title='bbox 450 1461 578 1498; x_wconf 87' lang='lat' dir='ltr'>cura,</span> <span class='ocrx_word' id='word_1_88' title='bbox 610 1445 724 1499; x_wconf 92' lang='lat' dir='ltr'>quid</span> <span class='ocrx_word' id='word_1_89' title='bbox 756 1453 894 1498; x_wconf 90' lang='lat' dir='ltr'>poeta</span> <span class='ocrx_word' id='word_1_90' title='bbox 923 1444 1011 1490; x_wconf 90' lang='lat' dir='ltr'>sibi</span> <span class='ocrx_word' id='word_1_91' title='bbox 1042 1445 1198 1496; x_wconf 89' lang='lat' dir='ltr'>vellet,</span> <span class='ocrx_word' id='word_1_92' title='bbox 1230 1444 1456 1497; x_wconf 85' lang='lat' dir='ltr'>expedire</span> <span class='ocrx_word' id='word_1_93' title='bbox 1486 1452 1681 1489; x_wconf 91' lang='lat' dir='ltr'>conatus</span> <span class='ocrx_word' id='word_1_94' title='bbox 1712 1444 1783 1488; x_wconf 90' lang='lat' dir='ltr'>sit.</span> 
     </span>
     <span class='ocr_line' id='line_1_13' title="bbox 452 1539 2163 1593; baseline -0.001 -7"><span class='ocrx_word' id='word_1_95' title='bbox 452 1541 562 1586; x_wconf 93' lang='lat' dir='ltr'>Hoc</span> <span class='ocrx_word' id='word_1_96' title='bbox 592 1550 748 1585; x_wconf 90' lang='lat' dir='ltr'>tamen</span> <span class='ocrx_word' id='word_1_97' title='bbox 781 1555 876 1585; x_wconf 91' lang='lat' dir='ltr'>non</span> <span class='ocrx_word' id='word_1_98' title='bbox 908 1539 1009 1584; x_wconf 92' lang='lat' dir='ltr'>eius</span> <span class='ocrx_word' id='word_1_99' title='bbox 1030 1548 1113 1591; x_wconf 89' lang='lat' dir='ltr'>est,</span> <span class='ocrx_word' id='word_1_100' title='bbox 1131 1540 1211 1593; x_wconf 92' lang='lat' dir='ltr'>qui</span> <span class='ocrx_word' id='word_1_101' title='bbox 1229 1539 1371 1584; x_wconf 90' lang='lat' dir='ltr'>animi</span> <span class='ocrx_word' id='word_1_102' title='bbox 1389 1539 1627 1584; x_wconf 86' lang='lat' dir='ltr'>relaxandi</span> <span class='ocrx_word' id='word_1_103' title='bbox 1645 1553 1785 1583; x_wconf 88' lang='lat' dir='ltr'>causa</span> <span class='ocrx_word' id='word_1_104' title='bbox 1800 1554 1860 1583; x_wconf 85' lang='lat' dir='ltr'>ex</span> <span class='ocrx_word' id='word_1_105' title='bbox 1877 1539 2163 1585; x_wconf 87' lang='lat' dir='ltr'>carminibus</span> 
     </span>
     <span class='ocr_line' id='line_1_14' title="bbox 448 1633 2162 1689; baseline -0.001 -9"><span class='ocrx_word' id='word_1_106' title='bbox 448 1635 656 1689; x_wconf 84' lang='lat' dir='ltr'>legendis</span> <span class='ocrx_word' id='word_1_107' title='bbox 685 1635 972 1687; x_wconf 88' lang='lat' dir='ltr'>voluptatem</span> <span class='ocrx_word' id='word_1_108' title='bbox 1005 1648 1175 1686; x_wconf 88' lang='lat' dir='ltr'>capere</span> <span class='ocrx_word' id='word_1_109' title='bbox 1206 1634 1320 1685; x_wconf 89' lang='lat' dir='ltr'>vult,</span> <span class='ocrx_word' id='word_1_110' title='bbox 1352 1634 1435 1678; x_wconf 93' lang='lat' dir='ltr'>sed</span> <span class='ocrx_word' id='word_1_111' title='bbox 1467 1633 1556 1677; x_wconf 89' lang='lat' dir='ltr'>viri</span> <span class='ocrx_word' id='word_1_112' title='bbox 1573 1633 1699 1678; x_wconf 89' lang='lat' dir='ltr'>docti</span> <span class='ocrx_word' id='word_1_113' title='bbox 1715 1648 1954 1687; x_wconf 87' lang='lat' dir='ltr'>quemque</span> <span class='ocrx_word' id='word_1_114' title='bbox 1970 1647 2162 1678; x_wconf 91' lang='lat' dir='ltr'>versum</span> 
     </span>
     <span class='ocr_line' id='line_1_15' title="bbox 449 1727 2161 1784; baseline -0.001 -9"><span class='ocrx_word' id='word_1_115' title='bbox 449 1729 783 1784; x_wconf 78' lang='lat' dir='ltr'>pei-pendentis</span> <span class='ocrx_word' id='word_1_116' title='bbox 814 1738 953 1783; x_wconf 90' lang='lat' dir='ltr'>atque</span> <span class='ocrx_word' id='word_1_117' title='bbox 985 1728 1305 1773; x_wconf 85' lang='lat' dir='ltr'>examinantis.</span> <span class='ocrx_word' id='word_1_118' title='bbox 1338 1727 1431 1774; x_wconf 90' lang='lat' dir='ltr'>Sed</span> <span class='ocrx_word' id='word_1_119' title='bbox 1462 1728 1511 1772; x_wconf 90' lang='lat' dir='ltr'>in</span> <span class='ocrx_word' id='word_1_120' title='bbox 1543 1728 1632 1772; x_wconf 88' lang='lat' dir='ltr'>alia</span> <span class='ocrx_word' id='word_1_121' title='bbox 1647 1728 1858 1772; x_wconf 84' lang='lat' dir='ltr'>haerebit</span> <span class='ocrx_word' id='word_1_122' title='bbox 1875 1728 2161 1780; x_wconf 79' lang='lat' dir='ltr'>difficultate3</span> 
     </span>
     <span class='ocr_line' id='line_1_16' title="bbox 449 1824 2162 1879; baseline -0.001 -9"><span class='ocrx_word' id='word_1_123' title='bbox 449 1841 557 1870; x_wconf 89' lang='lat' dir='ltr'>nam</span> <span class='ocrx_word' id='word_1_124' title='bbox 590 1825 702 1879; x_wconf 92' lang='lat' dir='ltr'>quid</span> <span class='ocrx_word' id='word_1_125' title='bbox 734 1825 793 1869; x_wconf 91' lang='lat' dir='ltr'>sit</span> <span class='ocrx_word' id='word_1_126' title='bbox 821 1825 1058 1869; x_wconf 85' lang='lat' dir='ltr'>fontem</span> <span class='ocrx_word' id='word_1_127' title='bbox 1091 1824 1260 1877; x_wconf 87' lang='lat' dir='ltr'>vallo</span> <span class='ocrx_word' id='word_1_128' title='bbox 1291 1824 1544 1877; x_wconf 75' lang='lat' dir='ltr'>cingere</span> <span class='ocrx_word' id='word_1_129' title='bbox 1576 1832 1782 1878; x_wconf 89' lang='lat' dir='ltr'>quaeret,</span> <span class='ocrx_word' id='word_1_130' title='bbox 1814 1832 1866 1868; x_wconf 93' lang='lat' dir='ltr'>ut</span> <span class='ocrx_word' id='word_1_131' title='bbox 1896 1824 2162 1878; x_wconf 88' lang='lat' dir='ltr'>olimquae-</span> 
     </span>
     <span class='ocr_line' id='line_1_17' title="bbox 448 1919 937 1965; baseline -0.002 0"><span class='ocrx_word' id='word_1_132' title='bbox 448 1920 556 1965; x_wconf 86' lang='lat' dir='ltr'>sivit</span> <span class='ocrx_word' id='word_1_133' title='bbox 587 1919 815 1964; x_wconf 90' lang='lat' dir='ltr'>Heinsius</span> <span class='ocrx_word' id='word_1_134' title='bbox 840 1920 937 1964; x_wconf 81' lang='lat' dir='ltr'>ille.</span> 
     </span>
     <span class='ocr_line' id='line_1_18' title="bbox 450 2014 2160 2067; baseline -0.001 -7"><span class='ocrx_word' id='word_1_135' title='bbox 450 2014 693 2060; x_wconf 84' lang='lat' dir='ltr'>Facillima</span> <span class='ocrx_word' id='word_1_136' title='bbox 735 2014 968 2059; x_wconf 91' lang='lat' dir='ltr'>medicina</span> <span class='ocrx_word' id='word_1_137' title='bbox 999 2015 1115 2059; x_wconf 88' lang='lat' dir='ltr'>haec</span> <span class='ocrx_word' id='word_1_138' title='bbox 1146 2014 1304 2059; x_wconf 92' lang='lat' dir='ltr'>omnia</span> <span class='ocrx_word' id='word_1_139' title='bbox 1335 2014 1486 2059; x_wconf 91' lang='lat' dir='ltr'>sanari</span> <span class='ocrx_word' id='word_1_140' title='bbox 1518 2023 1726 2067; x_wconf 91' lang='lat' dir='ltr'>possunt,</span> <span class='ocrx_word' id='word_1_141' title='bbox 1759 2014 2020 2060; x_wconf 89' lang='lat' dir='ltr'>dummodo</span> <span class='ocrx_word' id='word_1_142' title='bbox 2051 2029 2160 2059; x_wconf 92' lang='lat' dir='ltr'>cum</span> 
     </span>
     <span class='ocr_line' id='line_1_19' title="bbox 450 2109 2161 2163; baseline 0.001 -9"><span class='ocrx_word' id='word_1_143' title='bbox 450 2109 736 2154; x_wconf 89' lang='lat' dir='ltr'>Baehrensio</span> <span class='ocrx_word' id='word_1_144' title='bbox 782 2118 829 2153; x_wconf 94' lang='lat' dir='ltr'>et</span> <span class='ocrx_word' id='word_1_145' title='bbox 876 2109 1140 2154; x_wconf 89' lang='lat' dir='ltr'>Hartmano</span> <span class='ocrx_word' id='word_1_146' title='bbox 1186 2124 1351 2154; x_wconf 91' lang='lat' dir='ltr'>versus</span> <span class='ocrx_word' id='word_1_147' title='bbox 1396 2109 1514 2154; x_wconf 86' lang='lat'>3—6</span> <span class='ocrx_word' id='word_1_148' title='bbox 1560 2118 1672 2162; x_wconf 59' lang='lat' dir='ltr'>post*</span> <span class='ocrx_word' id='word_1_149' title='bbox 1698 2109 1752 2153; x_wconf 89' lang='lat'>12</span> <span class='ocrx_word' id='word_1_150' title='bbox 1789 2118 2161 2163; x_wconf 88' lang='lat' dir='ltr'>transponamus.</span> 
     </span>
     <span class='ocr_line' id='line_1_20' title="bbox 447 2196 2160 2257; baseline -0.001 -8"><span class='ocrx_word' id='word_1_151' title='bbox 447 2204 706 2256; x_wconf 85' lang='lat' dir='ltr'>Assumpta</span> <span class='ocrx_word' id='word_1_152' title='bbox 750 2204 887 2257; x_wconf 89' lang='lat' dir='ltr'>igitur</span> <span class='ocrx_word' id='word_1_153' title='bbox 934 2203 1121 2248; x_wconf 89' lang='lat' dir='ltr'>Heinsii</span> <span class='ocrx_word' id='word_1_154' title='bbox 1167 2204 1437 2249; x_wconf 89' lang='lat' dir='ltr'>coniectura</span> <span class='ocrx_word' id='word_1_155' title='bbox 1483 2196 1750 2248; x_wconf 82' lang='lat' dir='ltr'>montem</span> <span class='ocrx_word' id='word_1_156' title='bbox 1794 2219 1881 2257; x_wconf 91' lang='lat' dir='ltr'>pro</span> <span class='ocrx_word' id='word_1_157' title='bbox 1925 2204 2160 2249; x_wconf 73' lang='lat' dir='ltr'>iontem</span> 
     </span>
     <span class='ocr_line' id='line_1_21' title="bbox 404 2271 1342 2352; baseline 0 -9"><span class='ocrx_word' id='word_1_158' title='bbox 404 2271 409 2276; x_wconf 88' lang='lat'>-</span> <span class='ocrx_word' id='word_1_159' title='bbox 449 2300 540 2343; x_wconf 91' lang='lat' dir='ltr'>hoc</span> <span class='ocrx_word' id='word_1_160' title='bbox 570 2299 886 2344; x_wconf 88' lang='lat' dir='ltr'>nanciscimur</span> <span class='ocrx_word' id='word_1_161' title='bbox 916 2300 1101 2352; x_wconf 78' lang='lat' dir='ltr'>elegans</span> <span class='ocrx_word' id='word_1_162' title='bbox 1132 2299 1342 2344; x_wconf 72' lang='lat' dir='ltr'>initium:</span> 
     </span>
     <span class='ocr_line' id='line_1_22' title="bbox 568 2392 1810 2448; baseline 0.002 -10"><span class='ocrx_word' id='word_1_163' title='bbox 568 2392 823 2447; x_wconf 87' lang='lat' dir='ltr'>Tarpeium</span> <span class='ocrx_word' id='word_1_164' title='bbox 854 2395 1005 2439; x_wconf 90' lang='lat' dir='ltr'>scelus</span> <span class='ocrx_word' id='word_1_165' title='bbox 1036 2403 1083 2439; x_wconf 92' lang='lat' dir='ltr'>et</span> <span class='ocrx_word' id='word_1_166' title='bbox 1114 2394 1344 2448; x_wconf 89' lang='lat' dir='ltr'>Tarpeiae</span> <span class='ocrx_word' id='word_1_167' title='bbox 1375 2403 1511 2447; x_wconf 91' lang='lat' dir='ltr'>turpe</span> <span class='ocrx_word' id='word_1_168' title='bbox 1542 2396 1810 2448; x_wconf 90' lang='lat' dir='ltr'>sepulcrum</span> 
     </span>
     <span class='ocr_line' id='line_1_23' title="bbox 639 2489 1582 2544; baseline 0.001 -10"><span class='ocrx_word' id='word_1_169' title='bbox 639 2489 771 2534; x_wconf 73' lang='lat' dir='ltr'>tabor</span> <span class='ocrx_word' id='word_1_170' title='bbox 802 2498 847 2534; x_wconf 91' lang='lat' dir='ltr'>et</span> <span class='ocrx_word' id='word_1_171' title='bbox 878 2490 1055 2544; x_wconf 89' lang='lat' dir='ltr'>antiqui</span> <span class='ocrx_word' id='word_1_172' title='bbox 1086 2490 1248 2535; x_wconf 88' lang='lat' dir='ltr'>limina</span> <span class='ocrx_word' id='word_1_173' title='bbox 1277 2499 1411 2542; x_wconf 86' lang='lat' dir='ltr'>capta</span> <span class='ocrx_word' id='word_1_174' title='bbox 1442 2490 1582 2535; x_wconf 89' lang='lat' dir='ltr'>Iovis.</span> 
     </span>
     <span class='ocr_line' id='line_1_24' title="bbox 566 2584 1781 2639; baseline 0.001 -10"><span class='ocrx_word' id='word_1_175' title='bbox 566 2585 691 2629; x_wconf 92' lang='lat' dir='ltr'>hunc</span> <span class='ocrx_word' id='word_1_176' title='bbox 722 2584 884 2630; x_wconf 90' lang='lat' dir='ltr'>Tatius</span> <span class='ocrx_word' id='word_1_177' title='bbox 915 2593 1123 2630; x_wconf 90' lang='lat' dir='ltr'>montem</span> <span class='ocrx_word' id='word_1_178' title='bbox 1156 2586 1279 2630; x_wconf 88' lang='lat' dir='ltr'>vallo</span> <span class='ocrx_word' id='word_1_179' title='bbox 1310 2585 1565 2639; x_wconf 89' lang='lat' dir='ltr'>praecingit</span> <span class='ocrx_word' id='word_1_180' title='bbox 1595 2601 1781 2638; x_wconf 91' lang='lat' dir='ltr'>acerno,</span> 
     </span>
     <span class='ocr_line' id='line_1_25' title="bbox 639 2679 1659 2733; baseline 0.001 -10"><span class='ocrx_word' id='word_1_181' title='bbox 639 2679 826 2732; x_wconf 90' lang='lat' dir='ltr'>fidaque</span> <span class='ocrx_word' id='word_1_182' title='bbox 857 2689 1066 2733; x_wconf 85' lang='lat' dir='ltr'>suggesta</span> <span class='ocrx_word' id='word_1_183' title='bbox 1097 2690 1246 2725; x_wconf 89' lang='lat' dir='ltr'>castra</span> <span class='ocrx_word' id='word_1_184' title='bbox 1276 2690 1469 2726; x_wconf 90' lang='lat' dir='ltr'>coronat</span> <span class='ocrx_word' id='word_1_185' title='bbox 1500 2682 1659 2726; x_wconf 90' lang='lat' dir='ltr'>humo.</span> 
     </span>
     <span class='ocr_line' id='line_1_26' title="bbox 565 2773 1757 2826; baseline 0.003 -10"><span class='ocrx_word' id='word_1_186' title='bbox 565 2773 679 2825; x_wconf 90' lang='lat' dir='ltr'>quid</span> <span class='ocrx_word' id='word_1_187' title='bbox 714 2782 813 2817; x_wconf 93' lang='lat' dir='ltr'>tum</span> <span class='ocrx_word' id='word_1_188' title='bbox 847 2773 1000 2818; x_wconf 91' lang='lat' dir='ltr'>Roma</span> <span class='ocrx_word' id='word_1_189' title='bbox 1030 2775 1128 2826; x_wconf 77' lang='lat' dir='ltr'>fuit,</span> <span class='ocrx_word' id='word_1_190' title='bbox 1159 2775 1349 2820; x_wconf 91' lang='lat' dir='ltr'>tubicen</span> <span class='ocrx_word' id='word_1_191' title='bbox 1381 2775 1536 2820; x_wconf 89' lang='lat' dir='ltr'>vicina</span> <span class='ocrx_word' id='word_1_192' title='bbox 1567 2775 1757 2820; x_wconf 90' lang='lat' dir='ltr'>Curetis</span> 
     </span>
     <span class='ocr_line' id='line_1_27' title="bbox 639 2869 1761 2921; baseline 0.002 -10"><span class='ocrx_word' id='word_1_193' title='bbox 639 2882 746 2912; x_wconf 91' lang='lat' dir='ltr'>cum</span> <span class='ocrx_word' id='word_1_194' title='bbox 778 2877 991 2921; x_wconf 91' lang='lat' dir='ltr'>quateret</span> <span class='ocrx_word' id='word_1_195' title='bbox 1020 2869 1146 2913; x_wconf 90' lang='lat' dir='ltr'>lento</span> <span class='ocrx_word' id='word_1_196' title='bbox 1178 2885 1420 2914; x_wconf 90' lang='lat' dir='ltr'>murmure</span> <span class='ocrx_word' id='word_1_197' title='bbox 1452 2885 1561 2914; x_wconf 88' lang='lat' dir='ltr'>saxa</span> <span class='ocrx_word' id='word_1_198' title='bbox 1592 2870 1718 2915; x_wconf 92' lang='lat' dir='ltr'>Iovis</span> <span class='ocrx_word' id='word_1_199' title='bbox 1734 2869 1761 2913; x_wconf 71' lang='lat' dir='ltr'>P</span> 
     </span>
     <span class='ocr_line' id='line_1_28' title="bbox 552 2963 1869 3017; baseline 0.004 -13"><span class='ocrx_word' id='word_1_200' title='bbox 552 2975 715 3005; x_wconf 92' lang='lat' dir='ltr'>murus</span> <span class='ocrx_word' id='word_1_201' title='bbox 745 2970 877 3005; x_wconf 89' lang='lat' dir='ltr'>erant</span> <span class='ocrx_word' id='word_1_202' title='bbox 908 2970 1115 3007; x_wconf 89' lang='lat' dir='ltr'>montes:</span> <span class='ocrx_word' id='word_1_203' title='bbox 1148 2963 1228 3007; x_wconf 91' lang='lat' dir='ltr'>ubi</span> <span class='ocrx_word' id='word_1_204' title='bbox 1260 2979 1388 3008; x_wconf 91' lang='lat' dir='ltr'>nunc</span> <span class='ocrx_word' id='word_1_205' title='bbox 1418 2973 1488 3008; x_wconf 92' lang='lat' dir='ltr'>est</span> <span class='ocrx_word' id='word_1_206' title='bbox 1519 2963 1668 3009; x_wconf 91' lang='lat' dir='ltr'>Curia</span> <span class='ocrx_word' id='word_1_207' title='bbox 1698 2972 1869 3017; x_wconf 88' lang='lat' dir='ltr'>saepta,</span> 
     </span>
     <span class='ocr_line' id='line_1_29' title="bbox 640 3054 1608 3111; baseline 0.005 -13"><span class='ocrx_word' id='word_1_208' title='bbox 640 3054 834 3100; x_wconf 93' lang='lat' dir='ltr'>bellicus</span> <span class='ocrx_word' id='word_1_209' title='bbox 865 3071 925 3100; x_wconf 88' lang='lat' dir='ltr'>ex</span> <span class='ocrx_word' id='word_1_210' title='bbox 955 3056 1034 3101; x_wconf 92' lang='lat' dir='ltr'>illo</span> <span class='ocrx_word' id='word_1_211' title='bbox 1064 3057 1194 3101; x_wconf 89' lang='lat' dir='ltr'>fonte</span> <span class='ocrx_word' id='word_1_212' title='bbox 1226 3057 1415 3102; x_wconf 89' lang='lat' dir='ltr'>bibebat</span> <span class='ocrx_word' id='word_1_213' title='bbox 1445 3074 1608 3111; x_wconf 89' lang='lat' dir='ltr'>equus,</span> 
     </span>
     <span class='ocr_line' id='line_1_30' title="bbox 562 3149 1766 3205; baseline 0.005 -12"><span class='ocrx_word' id='word_1_214' title='bbox 562 3157 701 3201; x_wconf 91' lang='lat' dir='ltr'>atque</span> <span class='ocrx_word' id='word_1_215' title='bbox 733 3149 814 3194; x_wconf 92' lang='lat' dir='ltr'>ubi</span> <span class='ocrx_word' id='word_1_216' title='bbox 844 3165 970 3194; x_wconf 92' lang='lat' dir='ltr'>nunc</span> <span class='ocrx_word' id='word_1_217' title='bbox 1002 3151 1136 3196; x_wconf 88' lang='lat' dir='ltr'>terris</span> <span class='ocrx_word' id='word_1_218' title='bbox 1168 3151 1388 3197; x_wconf 91' lang='lat' dir='ltr'>dicuntur</span> <span class='ocrx_word' id='word_1_219' title='bbox 1418 3153 1520 3198; x_wconf 91' lang='lat' dir='ltr'>iura</span> <span class='ocrx_word' id='word_1_220' title='bbox 1550 3153 1766 3205; x_wconf 92' lang='lat' dir='ltr'>subactis,</span> 
     </span>
     <span class='ocr_line' id='line_1_31' title="bbox 643 3244 1542 3299; baseline 0.006 -12"><span class='ocrx_word' id='word_1_221' title='bbox 643 3244 824 3288; x_wconf 90' lang='lat' dir='ltr'>stabant</span> <span class='ocrx_word' id='word_1_222' title='bbox 857 3244 1072 3290; x_wconf 91' lang='lat' dir='ltr'>Romano</span> <span class='ocrx_word' id='word_1_223' title='bbox 1102 3246 1196 3299; x_wconf 89' lang='lat' dir='ltr'>pila</span> <span class='ocrx_word' id='word_1_224' title='bbox 1226 3245 1398 3291; x_wconf 92' lang='lat' dir='ltr'>Sabina</span> <span class='ocrx_word' id='word_1_225' title='bbox 1427 3247 1542 3292; x_wconf 78' lang='lat' dir='ltr'>foro·</span> 
     </span>
     <span class='ocr_line' id='line_1_32' title="bbox 566 3338 1654 3394; baseline 0.005 -13"><span class='ocrx_word' id='word_1_226' title='bbox 566 3338 700 3382; x_wconf 90' lang='lat' dir='ltr'>lucus</span> <span class='ocrx_word' id='word_1_227' title='bbox 731 3346 829 3382; x_wconf 90' lang='lat' dir='ltr'>erat</span> <span class='ocrx_word' id='word_1_228' title='bbox 859 3338 970 3383; x_wconf 79' lang='lat' dir='ltr'>felix</span> <span class='ocrx_word' id='word_1_229' title='bbox 1000 3340 1232 3385; x_wconf 91' lang='lat' dir='ltr'>hederoso</span> <span class='ocrx_word' id='word_1_230' title='bbox 1262 3341 1478 3386; x_wconf 91' lang='lat' dir='ltr'>conditus</span> <span class='ocrx_word' id='word_1_231' title='bbox 1506 3350 1654 3394; x_wconf 89' lang='lat' dir='ltr'>antro,</span> 
     </span>
    </p>
   </div>
   <div class='ocr_carea' id='block_1_7' title="bbox 640 3432 1678 3492">
    <p class='ocr_par' dir='ltr' id='par_1_7' title="bbox 640 3432 1678 3492">
     <span class='ocr_line' id='line_1_33' title="bbox 640 3432 1678 3492; baseline 0.006 -16"><span class='ocrx_word' id='word_1_232' title='bbox 640 3432 877 3487; x_wconf 92' lang='lat' dir='ltr'>multaque</span> <span class='ocrx_word' id='word_1_233' title='bbox 908 3435 1076 3480; x_wconf 88' lang='lat' dir='ltr'>nativis</span> <span class='ocrx_word' id='word_1_234' title='bbox 1107 3435 1331 3489; x_wconf 91' lang='lat' dir='ltr'>obstrepit</span> <span class='ocrx_word' id='word_1_235' title='bbox 1361 3437 1502 3483; x_wconf 93' lang='lat' dir='ltr'>arbor</span> <span class='ocrx_word' id='word_1_236' title='bbox 1533 3436 1678 3492; x_wconf 87' lang='lat' dir='ltr'>aquis,</span> 
     </span>
    </p>
   </div>
  </div>
 </body>
</html>
