2566 3886
1241 266 1482 314 ,98-

483 395 767 443 Broukhusii
814 397 1131 444 coniecturam
1178 414 1420 445 assumens
1463 416 1485 445 s
1502 416 1532 446 u
1549 415 1576 445 a
1620 400 1683 446 iu
1700 417 1725 446 r
1740 417 1767 446 a
1810 401 2042 454 „debitam
2066 403 2197 449 ditio-

482 493 622 537 nem’'
653 493 890 546 intelligit:
919 493 1054 538 vides
1098 494 1237 547 igitur
1279 509 1389 539 sua
1420 495 1557 539 iura
1588 495 1726 540 nimis
1757 496 1973 550 ambigue
2019 498 2196 543 dictum

479 601 612 640 esse3
638 587 951 633 Baehrensius
982 604 1011 632 n
1031 603 1060 633 o
1077 603 1109 633 v
1125 604 1152 633 a
1182 589 1196 633 i
1214 605 1244 634 u
1262 604 1286 633 r
1301 605 1329 634 a
1359 590 1555 643 scripsit,
1574 590 1882 637 Housmanus
1898 589 2042 649 (JPh.
2058 592 2196 646 XXI,

479 697 524 735 p.
558 679 670 740 121)
701 682 941 736 ingeniose
972 684 1242 738 proposuit:

596 778 819 832 Thybris,
855 789 901 825 et
934 780 1197 834 Euphrates
1229 780 1316 826 sub
1348 790 1427 826 tua
1456 781 1559 826 iura
1589 781 1728 834 fluet3

479 874 739 929 Postgatius
770 873 946 934 (Class.
981 876 1101 921 Rev.
1132 876 1245 929 XV,
1278 892 1322 929 p.
1355 874 1440 934 43)

595 969 748 1024 Tigris
780 980 826 1016 et
859 971 1123 1024 Euphrates
1155 972 1244 1017 sub
1275 972 1381 1026 iuga
1411 981 1568 1018 vestra
1599 972 1757 1018 fluent.

479 1065 642 1111 Restat
674 1066 761 1119 III,
795 1066 864 1119 13,
897 1067 980 1112 42:

629 1162 789 1217 Dique
820 1164 1032 1217 deaeque
1063 1179 1243 1217 omnes,
1276 1164 1447 1218 quibus
1479 1173 1548 1209 est
1579 1165 1722 1209 tutela
1752 1179 1838 1218 per
1868 1173 2015 1218 agros,

746 1258 1035 1310 praebebant
1066 1259 1234 1305 vestris
1266 1260 1413 1305 verba
1444 1261 1653 1305 secunda
1682 1260 1815 1312 focis,

474 1352 555 1397 ubi
587 1353 676 1398 viri
708 1354 848 1406 docti,
871 1355 1074 1400 versis
1106 1353 1375 1415 (Scaliger),
1407 1356 1432 1400 f
1437 1355 1551 1401 esti
1566 1371 1588 1401 s
1618 1353 1830 1413 (Jacobs,
1848 1353 2193 1414 Cornelissen),

472 1449 566 1494 ius
579 1449 659 1495 tis
690 1447 985 1508 (Baehrens)
1016 1451 1332 1496 coniecerunt.

474 1640 644 1692 Quid?
676 1640 860 1686 Omnes
891 1641 938 1686 hi
971 1641 1075 1694 loci,
1108 1641 1188 1695 qui
1219 1642 1342 1687 inter
1373 1654 1430 1687 se·
1444 1642 1665 1687 simillimi
1683 1651 1804 1694 sunt,
1821 1641 2029 1695 corrupti
2046 1641 2190 1687 sunt?

471 1737 553 1781 An
600 1738 849 1782 credamus
895 1737 982 1781 hos
1028 1738 1156 1782 locos
1201 1737 1323 1782 inter
1361 1753 1411 1782 se
1443 1737 1741 1783 defendere?
1787 1737 1899 1783 Hoc
1930 1737 2044 1782 mihi
2088 1737 2191 1782 veri

469 1832 665 1877 similius
697 1833 909 1885 videtur;
942 1833 979 1878 si
1011 1833 1116 1887 quis
1147 1842 1304 1879 autem
1336 1848 1502 1879 omnes
1533 1834 1676 1886 locos,
1700 1833 2191 1891 quosqeitavimoniec-

468 1936 571 1973 tura
603 1929 858 1974 emendare
889 1928 1016 1981 velit,
1048 1929 1107 1973 ab
1139 1943 1197 1974 eo
1229 1943 1458 1982 quaerere
1491 1929 1649 1981 velim,
1681 1928 1795 1982 quid
1823 1928 1960 1974 faciat
1976 1927 2190 1973 hocloco

474 2023 561 2076 ΙΙΙ,
594 2023 636 2076 7,
669 2023 722 2068 7:

622 2134 730 2164 nam
746 2121 860 2165 dum
877 2129 923 2165 te
939 2118 1067 2178 (sc.o
1083 2119 1309 2179 pecunia)
1325 2120 1548 2175 sequitur,
1556 2120 1709 2173 primo
1726 2120 1868 2165 miser
1883 2118 2056 2164 excidit
2071 2132 2191 2163 aevo

740 2224 787 2260 et
818 2231 943 2261 nova
973 2216 1239 2270 longinquis
1271 2216 1477 2269 piscibus
1508 2230 1615 2261 esca
1645 2224 1797 2268 natan

621 2319 668 2355 et
699 2319 848 2356 mater
878 2326 974 2356 non
1006 2311 1125 2356 iusta
1154 2312 1259 2365 piae
1291 2312 1404 2356 dare
1436 2311 1592 2356 debita
1623 2319 1775 2356 terrae

740 2421 829 2451 nec
861 2415 971 2459 pote
1002 2415 1222 2460 cognatos
1252 2406 1375 2451 inter
1405 2407 1602 2451 humare
1638 2414 1788 2459 rogos,

620 2502 704 2546 sed
747 2510 850 2546 tua
895 2516 1021 2546 nunc
1053 2502 1272 2547 volucres
1302 2510 1451 2546 astant
1481 2516 1623 2555 super
1653 2515 1758 2545 ossa
1789 2500 2010 2552 marinae,

740 2612 867 2642 nunc
898 2596 981 2641 tibi
1013 2611 1100 2649 pro
1131 2597 1312 2642 tumulo
1345 2595 1653 2649 Carpathium
1685 2611 1827 2641 omne
1858 2610 1987 2640 mare
2018 2603 2102 2647 est,

469 2691 550 2737 ubi
581 2692 854 2746 Propertius
882 2693 1087 2746 primum
1117 2693 1177 2738 de
1204 2692 1349 2737 Paeto
1372 2691 1578 2745 loquitur
1601 2705 1802 2744 persona
1827 2690 1973 2742 tertia,
2000 2689 2186 2742 deinde,

469 2803 753 2842 quamquam
786 2789 929 2833 modo
960 2788 1208 2841 pecuniam
1226 2788 1453 2833 allocutus
1466 2796 1549 2839 est,
1567 2787 1696 2831 nullo
1713 2801 1865 2831 novae
1882 2788 2188 2843 ἀποστροφῆς

468 2883 644 2929 indicio
675 2898 784 2929 eum
817 2884 1024 2929 secunda
1054 2882 1344 2938 alloquitur?

470 3073 540 3119 Ut
566 3074 703 3128 igitur
727 3076 786 3119 ad
815 3089 1006 3120 versum
1037 3074 1093 3119 16
1116 3074 1261 3119 nostri
1288 3073 1521 3125 carminis,
1537 3073 1665 3118 unde
1683 3072 1895 3124 abiimus,
1912 3071 2185 3116 redeamus:

470 3184 564 3214 non
611 3184 731 3222 opus
762 3179 831 3215 est
862 3179 1038 3215 mutato
1078 3185 1210 3215 cum
1253 3169 1366 3214 tibi
1410 3169 1458 3213 in
1502 3168 1751 3222 quando
1795 3167 1882 3211 ibi
1920 3181 2028 3211 cum
2061 3164 2186 3210 Italis

470 3273 548 3309 aut
578 3265 627 3309 in
659 3265 805 3318 quoi
849 3274 985 3317 tum,
1016 3265 1144 3318 quod
1178 3264 1485 3309 Housmanus
1513 3261 1656 3322 (JPh.
1685 3262 1822 3314 XVI,
1850 3277 1895 3315 p.
1925 3259 1979 3320 5)
2006 3261 2186 3315 excogi-

470 3360 606 3405 tavit:
638 3360 733 3405 noli
766 3369 921 3405 tamen
952 3368 1116 3412 putare
1148 3359 1261 3404 tibi
1294 3359 1354 3403 de
1386 3358 1597 3403 Briseide
1619 3356 1713 3416 (sic
1731 3353 2076 3413 Rothsteinius)
2092 3354 2185 3400 dic·

470 3464 594 3500 tum:
625 3464 863 3501 mortuum
894 3455 1132 3501 Achillem
1163 3454 1413 3508 alloquitur
1442 3462 1593 3506 poeta.
