2566 3886
335 2883 406 2928 28.

1127 295 1394 342 —291—

474 428 680 481 Frustra,
701 426 742 486 ¹)
774 444 881 473 nam
914 429 962 473 in
995 437 1123 473 textu
1155 428 1323 473 tradito
1355 428 1468 472 nihil
1489 428 1718 481 legentem
1735 428 1873 472 docet
1889 429 1979 473 hoc
1996 437 2180 481 poetam

472 525 559 569 sibi
591 524 809 569 voluisse.
842 523 993 568 Cuius
1024 523 1093 568 rei
1125 523 1372 568 Passeratii
1403 522 1722 575 interpretatio
1755 523 1881 567 testis
1905 523 1974 567 sit.
1994 523 2039 568 Is
2055 523 2182 567 enim

472 619 668 663 alterum
714 618 944 662 distichon
989 618 1047 662 ad
1095 617 1257 662 nulli
1305 632 1373 661 cu
1388 632 1412 661 r
1427 632 1454 661 a
1499 617 1709 661 referens
1736 616 1797 661 ita
1828 617 2183 669 interpretatur:

474 721 550 764 „et
580 712 695 757 nulli
726 721 838 756 tunc
870 721 968 757 erat
998 726 1139 756 curae
1171 720 1264 755 tam
1298 710 1540 764 magnifica
1569 710 1808 755 celebrare
1825 711 1995 755 Parilia
2011 720 2185 756 structo

473 808 579 861 igne
610 822 669 852 ex
699 807 879 852 faeno'’.

475 901 704 947 Contorta
735 901 939 946 Plessisii
971 917 1160 955 quoque
1192 901 1438 954 explicatio
1470 898 1617 958 (Rev.
1651 901 1738 945 Ph.
1770 901 1882 953 XV,
1905 916 1949 953 p.
1973 899 2071 959 43),
2103 902 2185 954 qui

476 996 764 1049 coniungens
796 995 1035 1041 Parilia
1066 1011 1334 1041 accenso
1364 995 1549 1040 faeno
1580 995 1646 1040 sic
1678 996 2028 1049 interpretatur:
2059 995 2190 1049 „Nul

475 1106 536 1136 ne
579 1106 629 1135 se
673 1090 866 1135 souciait
897 1091 1059 1135 d’aller
1089 1091 1319 1135 chercher
1350 1090 1434 1134 des
1466 1090 1686 1134 divinites
1718 1089 1997 1143 &tangeres
2031 1092 2190 1143 quand

474 1187 517 1230 la
546 1186 674 1230 foule
706 1185 983 1230 tremblante
1015 1185 1248 1230 d’anxiete
1280 1185 1475 1230 assistait
1506 1200 1565 1229 au
1597 1185 1805 1230 sacrifice
1838 1187 1897 1230 de
1930 1201 2003 1230 ses
2036 1185 2188 1239 peres,

475 1281 523 1325 ni
569 1296 660 1325 aux
708 1280 893 1325 Palilies
937 1280 1193 1332 annuelles,
1240 1280 1397 1332 quand
1445 1295 1507 1324 on
1539 1280 1745 1324 allumait
1778 1281 1837 1325 de
1869 1282 1912 1325 la
1943 1282 2094 1334 paille,
2128 1283 2188 1326 de

475 1375 687 1420 celebrer
719 1376 787 1420 les
818 1375 932 1420 fetes
964 1389 1150 1420 comme
1182 1374 1208 1419 a
1240 1376 1428 1427 present
1460 1374 1521 1420 οὺ
1554 1376 1647 1420 l'on
1680 1375 1847 1427 purifie
1879 1391 1994 1420 avec
2019 1377 2062 1420 le
2080 1386 2191 1429 sang

477 1470 542 1514 du
574 1471 739 1515 cheval
772 1470 977 1515 mutile”.

477 1565 586 1609 Iure
603 1565 739 1618 igitur
757 1565 1088 1610 Lachmannus
1106 1580 1230 1617 „non
1247 1566 1480 1617 cohaeret,
1513 1566 1676 1619 inquit,
1709 1566 1796 1610 nisi
1829 1581 1855 1610 c
1872 1566 1974 1610 ele
1991 1566 2021 1610 b
2039 1581 2063 1610 r
2079 1581 2105 1610 a
2121 1581 2145 1610 r
2161 1581 2187 1610 e

472 1673 558 1711 pro
604 1660 1054 1704 celebravere
1096 1660 1299 1713 positum
1341 1660 1472 1712 velis,
1517 1661 1672 1712 qualia
1714 1675 1945 1713 nusquam
1985 1660 2187 1705 inveniri

470 1755 578 1799 satis
609 1756 830 1799 constat”.

473 1848 797 1903 Schippersius
843 1848 914 1907 (p.
948 1847 1002 1907 5)
1048 1849 1380 1894 celebrare
1427 1849 1658 1894 infinitivo
1705 1850 1847 1894 modo
1883 1850 2085 1902 positum
2128 1851 2186 1895 ad

471 1952 770 1989 tremeret
800 1945 1102 1989 referendum
1135 1959 1237 1989 esse
1269 1945 1463 1996 putavit,
1497 1959 1593 1996 quo
1625 1944 1739 1989 nihil
1771 1944 2055 1996 proficimus.

471 2037 781 2084 Correctione
812 2054 931 2091 opus
962 2054 1065 2084 esse
1097 2040 1267 2090 credo;
1301 2039 1609 2084 Housmanus
1640 2037 1784 2096 (JPh.
1816 2038 1977 2091 XXII,
2010 2055 2054 2091 p.
2076 2037 2187 2097 102)

622 2149 872 2187 annuaque
904 2149 1103 2179 accenso
1134 2133 1401 2178 celebrante
1435 2133 1603 2178 Parilia
1633 2135 1783 2185 faeno,

469 2229 682 2281 coniecit,
729 2244 838 2274 cum
886 2228 932 2273 D
979 2244 1038 2273 ex
1086 2237 1216 2280 parte
1263 2243 1425 2273 veram
1473 2229 1722 2273 lectionem
1755 2243 1967 2273 servasse
2000 2230 2186 2281 credat;

471 2323 554 2368 sed
585 2323 835 2368 faenum
869 2324 1131 2369 subiectum
1163 2338 1266 2368 esse
1299 2323 1434 2368 verbi
1458 2324 1747 2368 celebrare
1775 2324 1889 2368 mihi
1907 2339 2001 2368 non
2021 2325 2185 2376 placet,

469 2433 577 2462 cum
610 2433 678 2462 vs.
708 2418 790 2463 23:
823 2419 1182 2464 lustrabant
1213 2419 1485 2471 compita
1518 2420 1696 2471 porci
1728 2420 1842 2463 mihi
1872 2419 1931 2463 ab
1961 2420 2186 2464 hocloco

467 2512 655 2557 differre
686 2513 914 2558 videatur.

468 2607 675 2652 Praestat
706 2623 814 2652 cum
848 2609 1154 2652 Lachmanno
1186 2617 1232 2653 et
1262 2607 1482 2652 Vahleno
1514 2623 1704 2652 versum
1738 2609 1803 2652 sic
1835 2609 2014 2661 legere:

618 2695 773 2748 annua
804 2712 864 2747 at
895 2718 1094 2748 accenso
1126 2703 1366 2747 celebrare
1399 2702 1569 2747 Parilia
1600 2703 1752 2747 faeno.

468 2885 724 2929 miscebant
755 2893 856 2929 usta
887 2885 1064 2937 proelia
1094 2885 1221 2929 nuda
1252 2885 1369 2929 sude

467 2980 652 3023 nuda:
686 2979 981 3030 N31acta:
1014 2979 1171 3031 ceteri,
1201 2980 1328 3023 unde
1361 2979 1672 3024 Baehrensius
1703 2980 1872 3031 ficta,
1905 2981 1988 3024 sed
2020 2982 2179 3025 nuda

469 3082 576 3117 ante
612 3074 764 3118 sude
795 3074 982 3125 excidit,
1013 3074 1273 3125 lacunaque
1305 3073 1549 3117 infeliciter
1580 3074 1764 3125 expleta
1794 3082 1876 3117 est.
1909 3074 1990 3118 Ad
2023 3075 2179 3119 deten-

468 3168 677 3212 dendum
709 3168 870 3212 nuda
901 3168 1058 3212 citavit
1088 3167 1399 3211 Passeratius:
1432 3166 1541 3211 Stat.
1573 3166 1725 3210 Theb.
1758 3167 1794 3210 Ι.
1827 3166 1913 3211 413
1944 3176 2179 3212 exsertare

467 3276 656 3306 umeros
697 3263 968 3315 nudamque
1008 3263 1237 3306 lacessere
1266 3270 1483 3314 pugnam,
1517 3261 1823 3306 Housmanus
1860 3259 2003 3319 (JPh.
2041 3261 2179 3314 XXI,

468 3371 513 3409 p.
549 3354 685 3415 132):

385 3479 415 3525 ι)
462 3483 544 3523 lpse
571 3483 820 3518 Phillimon-iun
846 3485 890 3517 ad
915 3483 1166 3517 coniecturam
1192 3482 1367 3523 confugit,
1393 3482 1621 3522 conicitquez
1649 3482 1902 3516 celebrata.
