2566 3886
347 715 415 760 14.

1133 293 1399 339 —243—

476 444 617 482 quam
649 427 890 480 imperitos
918 434 1117 471 ventos
1143 440 1297 477 nosse,
1314 424 1489 478 aliquid
1502 439 1562 469 ex
1578 431 1742 477 poetae
1759 422 1917 468 verbis
1933 421 2187 474 expellunt,

477 525 605 579 quod
638 523 952 569 desideratur:
984 522 1091 566 tim
1106 536 1135 566 o
1149 536 1211 566 re
1227 536 1274 565 m
1307 519 1427 565 dico.

477 714 653 760 Iniuria
670 712 982 758 Baehrensius
998 711 1267 765 languidum
1299 710 1313 755 i
1330 726 1361 754 ιι
1378 710 1393 754 i
1410 725 1437 754 e
1454 725 1480 754 c
1496 719 1514 754 t
1533 710 1547 754 i
1564 724 1599 762 s,
1631 709 1760 762 quod
1776 708 1824 753 in
1854 707 1993 753 DVF
2010 707 2190 760 legitur,

478 808 780 861 Neapolitani
811 806 998 852 lectioni
1031 806 1087 851 M
1106 821 1133 851 a
1148 820 1175 850 e
1191 813 1253 850 ot
1270 804 1283 849 i
1301 820 1322 850 s
1352 804 1628 857 anteposuit.

344 998 534 1044 21—24.
566 998 816 1043 Persarum
847 996 1002 1042 statuit
1032 995 1273 1048 Babylona
1304 993 1572 1040 Semiramis
1603 993 1786 1045 urbem,

352 2230 423 2276 25.

357 3180 428 3225 27.

657 1102 708 1138 ut
739 1092 941 1138 solidum
973 1099 1108 1136 cocto
1138 1091 1322 1136 tolleret
1352 1098 1517 1143 aggere
1547 1104 1680 1142 opus,

569 1198 615 1234 et
644 1190 740 1234 duo
771 1188 819 1233 in
851 1188 1104 1233 adversum
1135 1185 1263 1231 missi
1295 1200 1382 1238 per
1412 1185 1599 1230 moenia
1629 1199 1795 1230 currus

657 1299 745 1329 nec
776 1291 966 1336 possent
998 1290 1119 1327 tacto
1150 1282 1375 1335 stringere
1406 1280 1466 1326 ab
1497 1295 1584 1325 axe
1615 1280 1747 1325 latus.

480 1378 555 1424 Sic
586 1380 682 1424 duo
713 1379 829 1424 haec
860 1377 1058 1423 disticha
1087 1378 1303 1431 leguntur
1323 1376 1371 1421 in
1390 1375 1730 1428 Neapolitano;
1749 1390 1857 1420 cum
1889 1384 2045 1420 tamen
2077 1390 2108 1419 n
2126 1390 2153 1420 e
2170 1390 2196 1419 e

480 1489 621 1519 versu
662 1473 719 1518 24
751 1473 994 1518 manifesto
1027 1472 1194 1517 falsum
1226 1472 1297 1523 sit,
1329 1470 1542 1525 plerique
1572 1470 1776 1515 editores
1821 1485 1930 1515 cum
1979 1469 2075 1515 DV
2121 1485 2151 1514 ιι
2169 1485 2197 1515 e

481 1569 663 1623 legunt;
710 1569 837 1622 quod
887 1568 1143 1613 absurdum
1190 1582 1293 1612 esse
1340 1575 1467 1612 reete
1512 1565 1733 1611 observat
1769 1565 2019 1610 Housman
2051 1562 2196 1623 (JPh.

480 1663 602 1708 XXI
634 1678 679 1716 p.
714 1660 848 1721 191):
881 1664 973 1716 „let
1004 1661 1272 1708 Semiramis
1303 1661 1434 1707 build
1466 1661 1553 1706 her
1583 1661 1714 1706 walls
1735 1660 1889 1705 amile
1904 1660 2048 1713 thick,
2064 1661 2197 1706 there

482 1757 577 1802 will
623 1758 683 1803 be
730 1758 923 1812 nothing
959 1766 1007 1803 to
1038 1766 1310 1811 prevent
1341 1758 1420 1802 the
1451 1766 1546 1801 two
1577 1756 1779 1801 chariots
1810 1756 1930 1801 from
1978 1756 2199 1810 touching

482 1852 524 1897 if
547 1868 643 1905 you
674 1853 810 1898 drive
842 1854 969 1898 them
1001 1852 1175 1906 against
1206 1867 1297 1897 one
1329 1852 1570 1896 another.''
1602 1850 1649 1896 Si
1681 1860 1837 1896 autem
1854 1866 1963 1896 cum
1997 1850 2046 1896 N
2079 1867 2110 1896 n
2128 1866 2197 1896 ee

484 1947 679 2001 legimus
725 1956 864 2001 atque
910 1947 1130 2000 Tyrrellii
1168 1947 1486 1993 coniecturam
1518 1946 1689 1992 mitti
1722 1962 1809 1999 pro
1841 1947 1960 1992 mis
1977 1947 2030 1992 si
2076 1962 2199 1992 assu-

485 2041 670 2094 mimus,
701 2043 859 2087 omnia
891 2042 1013 2088 bene
1044 2043 1308 2096 procedunt
1338 2043 1660 2097 sententiaque
1692 2043 1849 2088 evadit
1879 2042 2128 2097 aptissima.

485 2231 617 2277 duxit
648 2241 694 2277 et
727 2232 1016 2286 Euphratem
1049 2232 1274 2285 medium,
1306 2248 1401 2287 quo
1432 2233 1642 2278 condidit
1674 2248 1804 2278 arces

485 2325 531 2377 Q
546 2341 629 2378 ua,
662 2326 728 2371 sic
759 2327 973 2381 plerique
1004 2328 1208 2372 editores
1239 2343 1347 2372 cum
1382 2327 1697 2380 Neapolitano
1728 2329 1900 2381 legunt,
1917 2329 2000 2373 sed
2019 2329 2048 2372 d
2063 2344 2094 2373 u
2109 2328 2201 2373 xit

487 2435 533 2464 m
551 2436 578 2465 e
595 2421 702 2466 diu
719 2437 782 2473 m,
813 2438 844 2475 q
861 2438 891 2467 u
909 2437 935 2466 a
966 2437 992 2467 c
1010 2437 1038 2467 o
1055 2438 1086 2467 n
1104 2423 1134 2467 d
1152 2422 1166 2467 i
1184 2423 1215 2467 d
1232 2422 1246 2467 i
1264 2432 1281 2467 t
1312 2438 1407 2468 non
1440 2423 1502 2467 ita
1532 2423 1782 2477 eleganter,
1814 2425 1897 2469 sed
1914 2424 2022 2469 satis
2037 2424 2201 2469 inscite

485 2515 661 2560 dictum
679 2531 781 2561 esse
798 2517 952 2570 quivis
969 2517 1083 2562 mihi
1105 2517 1395 2563 assentietur.
1429 2517 1539 2562 Hoc
1570 2518 1707 2572 igitur
1723 2519 1827 2564 loeo
1843 2528 1913 2563 sto
1930 2535 2038 2563 cum
2058 2519 2202 2564 Baeh-

486 2610 656 2663 rensio,
674 2611 753 2664 qui
783 2627 810 2656 a
840 2613 1040 2657 lectione
1058 2612 1103 2658 O
1135 2628 1295 2666 quam
1328 2613 1564 2666 profectus
1581 2622 1729 2658 totum
1747 2629 1938 2659 versum
1955 2614 2021 2659 sie
2038 2615 2202 2659 edidit:

485 2705 617 2750 duxit
648 2715 694 2750 et
728 2706 1017 2760 Euphratem
1051 2707 1261 2752 medium
1293 2722 1434 2761 quam
1467 2708 1677 2753 condidit
1709 2709 1841 2754 arcis.

488 2798 630 2850 Quod
663 2800 800 2845 lectio
833 2800 878 2845 Ο
893 2801 994 2846 sine
1018 2801 1288 2846 Baehrensii
1306 2802 1575 2847 coniectura
1592 2804 1771 2848 nullum
1789 2805 1982 2858 praebet
1998 2820 2202 2858 sensum,

487 2893 602 2938 mihi
649 2903 921 2947 argumento
973 2904 1042 2940 est
1079 2894 1126 2940 O
1158 2897 1248 2940 hoc
1279 2897 1384 2940 loco
1415 2897 1607 2950 vestigia
1637 2899 1738 2943 veri
1770 2899 1946 2951 optime
1977 2915 2203 2951 servasse,

489 2987 789 3041 Neapolitani
820 3003 937 3034 vero
968 2990 1216 3034 lectionem
1248 2991 1512 3043 languidam
1546 3007 1723 3036 meram
1747 3008 1850 3038 esse
1871 2994 2203 3039 coniecturam.

491 3197 598 3226 nam
630 3182 744 3235 quid
776 3192 861 3236 ego
893 3184 1073 3235 heroas,
1105 3184 1220 3236 quid
1252 3193 1429 3237 raptem
1461 3187 1509 3230 in
1541 3187 1738 3232 crimine
1769 3187 1944 3233 divos?

490 3275 565 3320 Sic
611 3277 758 3321 edidit
804 3277 1122 3323 Phillimorius
1168 3280 1501 3331 praeeuntibus
1535 3281 1850 3334 Hertzbergio
1882 3291 1928 3327 et
1959 3283 2203 3336 Palmero3

490 3386 668 3423 repone
699 3380 854 3416 tamen
886 3372 1172 3417 erimina
1203 3374 1517 3427 cumV‚quid
1550 3375 1675 3419 enim
1708 3391 1947 3428 rapere
1979 3378 2205 3422 heroas

492 3466 557 3509 sic
590 3468 716 3511 nude
746 3466 988 3519 positum?
