2566 3886
1080 263 1258 310 —283
1291 289 1352 297 —-

979 481 1235 528 ELEGIA
1265 481 1451 527 XXIV.

323 625 362 670 1.
424 625 563 670 Falsa
592 634 663 670 est
693 624 779 670 ista
809 633 931 676 tuae,
962 624 1145 676 mulier,
1177 624 1361 676 fiducia,
1394 623 1586 675 formae,

504 720 616 765 olim
647 719 795 765 oculis
826 718 1024 764 nimium
1056 719 1175 764 taeta
1206 718 1410 771 superba
1442 718 1574 763 meis.

320 815 362 860 3.
424 824 583 860 noster
613 829 746 860 amor
775 814 878 859 talis
909 814 1069 859 tribuit
1100 814 1199 866 tibi,
1234 813 1456 866 Cynthia,
1488 813 1676 858 laudes:

504 909 720 955 versibus
751 909 979 963 insignem
1011 917 1057 954 te
1089 909 1235 962 pudet
1266 923 1368 954 esse
1400 907 1558 953 meis?

424 1004 694 1050 Secundum
726 1019 918 1049 versum
949 1012 1169 1056 corrupte
1201 1018 1305 1049 esse
1336 1003 1557 1048 traditum
1590 1003 1728 1047 docet
1759 1016 1925 1046 versus
1955 1001 2139 1052 tertius;

425 1100 539 1154 quid
586 1099 712 1145 enim
760 1100 851 1144 hoc
896 1108 991 1144 est:
1036 1099 1189 1151 „oculi
1221 1099 1314 1144 mei
1346 1098 1429 1143 tibi
1460 1098 1622 1142 laudes
1653 1094 1986 1142 tribuerunt'’P
2018 1095 2140 1146 Quis

425 1204 582 1241 autem
614 1196 770 1241 locum
802 1195 868 1241 sic
894 1195 1189 1248 interpretari
1222 1195 1388 1240 audet:
1422 1192 1574 1246 „oculi
1606 1192 1699 1238 mei
1731 1201 1777 1237 te
1808 1192 2139 1244 adspexerunt‚

426 1291 648 1337 viderunt
678 1305 820 1344 quam
851 1291 1049 1344 pulchra
1080 1304 1233 1342 esses;
1267 1289 1476 1335 carmina
1505 1289 1659 1333 tacere
1683 1287 1818 1340 coepi
1834 1287 1974 1339 plena
1989 1285 2140 1331 laudis

426 1394 473 1431 et
503 1386 822 1431 admirationis
836 1384 878 1430 P'
913 1385 1111 1439 Repone
1154 1385 1292 1439 igitur
1322 1400 1431 1430 cum
1464 1383 1726 1430 Schradero
1757 1382 1833 1427 eui
1865 1382 1967 1427 iure
2000 1380 2141 1426 Hart-

427 1495 593 1525 manus
624 1480 929 1534 adstipulatus
960 1489 1030 1525 est
1060 1478 1192 1538 (Een
1224 1496 1284 1526 en
1316 1480 1465 1525 ander
1496 1494 1614 1524 over
1637 1477 1925 1530 Propertius,
1942 1492 1986 1530 p.
2006 1473 2080 1534 8):

579 1575 691 1620 olim
723 1575 923 1628 elegis
954 1576 1152 1622 nimium
1184 1576 1303 1621 faeta
1334 1574 1538 1628 superba
1569 1574 1700 1619 meis.

324 1799 366 1844 4.
429 1800 484 1844 In
531 1815 673 1846 versu
719 1809 886 1854 quarto
932 1802 1188 1847 delendum
1236 1810 1305 1847 est
1348 1801 1531 1855 signum
1581 1799 1968 1853 interrogationis,
2012 1799 2141 1852 quod

430 1894 544 1940 Otto
575 1892 670 1953 (H.
702 1895 775 1948 23,
806 1913 851 1950 p.
884 1894 968 1954 44)
999 1897 1179 1950 primus
1211 1897 1404 1949 addidit,
1436 1896 1615 1949 recepit
1646 1894 1980 1940 Phillimorius.

428 1989 605 2035 Veram
652 1991 1085 2045 interpretationem
1133 1993 1245 2038 olim
1292 1992 1423 2037 dedit
1470 1990 1822 2037 Broukhusius:
1856 1990 2033 2043 „pudet
2062 2005 2140 2034 me

429 2085 557 2137 quod
589 2094 639 2130 tu
670 2085 732 2131 sis
763 2085 880 2132 faeta
910 2087 1109 2133 celebris
1141 2088 1258 2133 meis
1290 2086 1618 2138 carminibus”‚
1650 2086 1707 2130 cf.
1739 2084 1846 2130 Tib.
1879 2085 1915 2137 Ι,
1947 2083 1989 2137 9,
2015 2084 2142 2137 47sq.

429 2180 543 2234 quin
574 2181 713 2226 etiam
745 2182 935 2227 attonita
965 2183 1127 2228 laudes
1158 2183 1242 2228 tibi
1274 2192 1431 2228 mente
1462 2181 1703 2233 canebam,

503 2284 549 2320 at
579 2291 656 2321 me
687 2292 814 2322 nune
845 2278 991 2322 nostri
1023 2278 1361 2331 Pieridumque
1392 2279 1551 2332 pudet.

298 2501 341 2546 5.
372 2501 414 2547 6.
476 2502 667 2547 mixtam
699 2511 745 2548 te
777 2503 906 2549 varia
937 2504 1123 2549 laudavi
1155 2518 1294 2557 saepe
1326 2503 1472 2557 figura

581 2606 645 2649 ut,
676 2599 804 2650 quod
836 2613 931 2644 non
963 2614 1103 2651 esses,
1135 2615 1237 2645 esse
1269 2608 1452 2653 putaret
1482 2614 1615 2644 amor

433 2691 733 2746 Quamquam
765 2693 1009 2738 mixtam
1041 2694 1216 2739 varia
1246 2695 1450 2748 figura
1477 2694 1597 2739 verti
1626 2708 1763 2746 posse
1794 2709 1822 2738 a
1847 2694 2145 2743 harmony

433 2786 499 2830 of
544 2786 797 2832 diverse
856 2787 1082 2841 beauty
1127 2786 1212 2846 (cf.
1257 2790 1318 2842 II,
1360 2789 1401 2834 3.
1445 2787 1603 2847 9sqq.)
1646 2789 1878 2842 Postgatio
1920 2788 2145 2839 concedo,

434 2880 700 2926 coniunctio
743 2890 804 2926 ut
843 2879 914 2939 (v.
932 2880 1004 2940 b.)
1048 2892 1094 2928 et
1124 2884 1401 2929 adverbium
1448 2884 1682 2929 totiens
1725 2891 1997 2936 argumento
2039 2890 2147 2927 sunt

434 2975 546 3020 olim
578 2975 626 3019 in
658 2990 798 3020 versu
830 2975 858 3020 5
890 2978 1172 3022 vocabulum
1205 2986 1319 3022 tam
1351 2978 1506 3030 fuisse,
1538 2994 1678 3032 quam
1711 2978 1773 3022 ob
1805 2992 1991 3022 eausam
2030 2975 2144 3020 mihi

435 3069 771 3115 verisimillima
801 3071 987 3116 videtur
1017 3072 1286 3117 coniectura
1316 3073 1595 3117 Phillimorii
1626 3070 1758 3130 (CR.
1781 3070 1942 3121 XXV,
1968 3085 2013 3123 p.
2036 3068 2145 3127 13):

587 3165 682 3210 his
713 3174 828 3210 tam
860 3175 906 3211 te
936 3166 1067 3211 varia
1096 3166 1282 3211 laudavi
1314 3181 1453 3219 saepe
1485 3166 1643 3220 figura.

437 3259 564 3313 quod
596 3259 661 3304 sie
693 3260 916 3313 explieat:
948 3276 1040 3312 „sc.
1072 3261 1166 3305 his
1198 3261 1507 3306 versibus.
1540 3261 1595 3306 In
1627 3262 1757 3306 these
1790 3261 1811 3305 I
1843 3261 2028 3314 praised
2051 3275 2146 3313 you

437 3354 590 3399 under
619 3369 671 3398 so
703 3369 844 3406 many
875 3355 1063 3400 various
1094 3356 1235 3408 styles
1266 3357 1363 3400 that
1380 3371 1460 3408 my
1484 3356 1597 3400 fond
1620 3355 1759 3408 fancy
1777 3355 2004 3400 deceived
2026 3355 2153 3400 itself

439 3448 537 3494 into
568 3448 816 3502 imagining
845 3465 939 3502 you
971 3458 1018 3495 to
1049 3450 1109 3495 be
1139 3451 1265 3496 what
1294 3466 1389 3503 you
1421 3466 1569 3496 never
1595 3451 1767 3496 were''.
