2566 3886
339 2671 410 2715 24.

1124 258 1390 304 -129-

466 388 578 434 Post
623 403 814 434 versum
861 388 918 434 23
965 389 1178 442 plerique
1221 389 1310 434 viri
1354 390 1493 442 docti,
1536 390 1656 435 inter
1692 405 1812 443 quos
1850 391 2182 436 Lachmannus

466 484 705 530 Baehrens
750 485 1012 536 Rothstein,
1043 500 1234 529 carmen
1265 493 1477 530 nostrum
1509 487 1826 531 claudendum
1858 501 1961 531 esse
1993 495 2181 539 putant;

465 581 548 625 sed
591 594 700 624 cum
746 579 1012 624 Hartmano
1049 589 1095 624 et
1132 579 1424 625 Phillimorio
1455 581 1599 625 credo
1631 589 1778 626 totum
1811 596 2001 626 carmen
2033 597 2181 626 unum

465 689 582 727 esse,
613 683 659 719 et
690 690 799 720 cum
831 683 999 728 magno
1030 674 1314 719 detrimento
1346 675 1509 720 dividi.

468 769 698 814 Nostrum
742 784 932 814 carmen
976 784 1062 814 nos
1105 770 1281 822 optime
1324 771 1497 814 docere
1535 778 1700 822 potest,
1732 785 1878 822 quare
1911 770 2183 823 Propertius

466 873 618 910 tantus
650 873 787 917 poeta
817 864 887 909 sit.
920 863 1147 910 Carmina
1176 865 1278 909 eius
1308 865 1501 918 vivunt;
1534 865 1711 918 ubique
1728 865 1796 909 ira
1812 865 1948 909 dolor
1962 865 2182 918 gaudium

466 969 560 1005 tam
592 960 765 1005 vividis
790 960 1026 1005 coloribus
1043 960 1311 1013 pinguntur,
1328 968 1379 1004 ut
1394 960 1576 1012 eadem,
1593 975 1715 1013 quae
1747 969 1898 1012 poeta,
1915 960 2182 1005 sentiamus.

466 1055 699 1101 Videmus
739 1064 790 1100 ut
820 1063 958 1107 poeta
988 1055 1131 1099 modo
1162 1055 1278 1099 iram
1310 1069 1442 1099 suam
1474 1063 1754 1107 compescat,
1786 1055 1929 1099 modo
1960 1054 2057 1099 irae
2088 1069 2183 1099 non

467 1165 660 1202 compos
701 1150 771 1194 sit.
816 1150 1055 1201 Luctatur,
1098 1150 1182 1194 sed
1226 1149 1462 1194 interdum
1506 1150 1724 1194 vincitur.
1762 1149 1889 1195 Talis
1920 1159 1966 1195 et
1997 1149 2185 1202 spiritus

466 1245 699 1297 carminis,
732 1253 782 1290 ut
812 1244 903 1289 iam
936 1245 995 1289 ad
1027 1259 1097 1289 vs.
1132 1244 1246 1289 1—4
1277 1245 1523 1297 explicavi.

468 1340 560 1386 Sed
591 1340 692 1394 lege
724 1354 911 1384 mecum
943 1354 1011 1384 vs.
1046 1338 1115 1384 19.
1147 1339 1228 1384 22:

466 1444 511 1480 at
542 1443 591 1480 tu
622 1435 761 1479 etiam
794 1434 1016 1479 iuvenem
1048 1435 1185 1480 odisti
1218 1449 1308 1487 me,
1341 1435 1533 1487 perfida,
1565 1450 1673 1480 cum
1706 1436 1768 1480 sis

617 1530 718 1582 ipsa
747 1544 864 1574 anus
895 1530 1020 1574 haud
1054 1530 1189 1583 longa
1219 1545 1367 1575 curva
1396 1530 1554 1576 futura
1584 1531 1675 1576 die.

466 1625 580 1678 quin
612 1635 698 1679 ego
729 1624 954 1670 deminuo
984 1639 1162 1677 curam,
1193 1626 1322 1678 quod
1354 1640 1493 1679 saepe
1526 1625 1718 1679 Cupido

620 1720 730 1765 huic
762 1720 911 1765 malus
943 1734 1046 1765 esse
1078 1721 1208 1772 solet,
1240 1721 1317 1765 cui
1349 1721 1501 1766 bonus
1533 1730 1640 1766 ante
1672 1722 1769 1766 fuit.

469 1815 646 1860 Nonne
690 1816 751 1860 ita
791 1824 874 1867 est,
906 1824 956 1860 ut
987 1824 1073 1868 ego
1105 1814 1242 1860 dixi?
1276 1816 1485 1861 Primum
1518 1817 1752 1862 subiratus
1784 1817 1895 1862 dicit
1927 1817 2183 1870 Cynthiam

468 1925 579 1955 mox
624 1926 767 1955 anum
812 1910 930 1963 fore,
976 1912 1060 1955 sed
1107 1911 1259 1956 statim
1306 1926 1356 1956 se
1400 1913 1680 1964 consolatur,
1712 1927 1868 1965 neque
1900 1921 2055 1958 tamen
2088 1913 2184 1958 diu.

469 2005 598 2050 Nam
657 2020 796 2050 versu
853 2004 911 2050 23
970 2005 1017 2050 in
1079 2006 1353 2058 capillos
1414 2006 1652 2051 tinctos
1713 2007 1814 2052 eius
1861 2017 1907 2053 et
1960 2008 2183 2053 faciem

468 2101 746 2145 fucosam
794 2100 1044 2145 invehitur.
1092 2100 1213 2151 Quis
1245 2115 1340 2145 non
1384 2101 1524 2146 sentit
1566 2117 1732 2147 versus
1775 2102 1832 2147 23
1879 2118 1981 2156 sqq.
2029 2103 2185 2148 multis

467 2195 626 2241 verbis
657 2197 824 2241 eadem
862 2196 1035 2249 dicere,
1079 2212 1200 2249 quae
1244 2211 1410 2242 versus
1453 2197 1511 2242 20
1555 2198 1763 2243 breviter
1793 2197 2004 2252 attingit?
2037 2198 2185 2243 Recte

468 2291 605 2344 igitur
642 2291 786 2344 Paley
818 2291 865 2335 in
898 2291 1103 2336 editione
1134 2306 1243 2336 sua:
1276 2292 1353 2344 „in
1386 2293 1476 2337 this
1506 2293 1639 2346 elegy
1670 2294 1749 2338 the
1781 2302 1891 2346 poet
1921 2302 2073 2347 grows
2104 2302 2187 2338 not

466 2387 578 2438 only
610 2386 850 2439 impatient
880 2387 928 2430 of
959 2385 1204 2438 Cynthia's
1235 2388 1430 2439 cruelty,
1463 2387 1547 2432 but
1577 2403 1629 2432 so
1661 2388 1870 2441 unpolite
1902 2403 1951 2433 as
1980 2397 2027 2433 to
2057 2397 2187 2433 taunt

472 2482 558 2526 her
587 2481 701 2526 with
734 2481 981 2534 becoming
1010 2481 1089 2525 old
1135 2482 1251 2526 and
1296 2482 1526 2536 dyeing
1570 2484 1680 2528 her
1720 2484 1900 2528 hair'‘.

471 2671 593 2716 ludis
623 2679 670 2716 et
700 2679 896 2716 externo
927 2671 1069 2715 tincta
1099 2671 1250 2716 nitore
1282 2671 1461 2725 caput?

472 2765 599 2811 Cum
644 2766 839 2811 ludendi
870 2766 1070 2811 verbum
1102 2767 1193 2811 hoc
1223 2767 1328 2812 loco
1359 2768 1419 2812 de
1450 2768 1555 2812 lusu
1586 2768 1812 2813 amatorio
1858 2766 1940 2826 (cf.
1974 2770 1994 2814 1
2030 2770 2098 2822 10,
2130 2769 2186 2828 9)

471 2861 731 2905 adhibitum
763 2860 877 2905 mihi
908 2861 1047 2905 nimis
1078 2861 1331 2906 obscurum
1350 2862 1579 2914 videatur,
1611 2864 1894 2908 commendo
1917 2864 2184 2909 Housmani

472 2955 789 3000 coniecturam
820 2955 977 2999 vadis
1008 2953 1151 3012 (JPh.
1183 2955 1319 3008 XVI,
1351 2971 1396 3008 p.
1427 2954 1508 3014 6);
1540 2957 1695 3001 minus
1712 2957 1884 3002 bonam
1907 2958 2183 3003 sententiam

473 3050 552 3094 dat
583 3048 815 3093 Kraffertii
846 3046 1084 3106 (Beith
1117 3049 1204 3101 III,
1235 3064 1280 3102 p.
1315 3047 1426 3107 143)
1457 3050 1727 3096 coniectura
1772 3052 1990 3096 laedis.

341 3236 412 3281 31.
443 3236 515 3282 32.
548 3236 659 3281 Hoc
704 3236 935 3281 distichon
979 3252 1203 3282 versuum
1250 3238 1466 3283 ordinem
1513 3239 1633 3283 male
1679 3239 2023 3292 interrumpere
2066 3241 2184 3285 vidit

473 3329 701 3384 Scaliger;
733 3330 1059 3383 Baehrensius‚
1090 3331 1167 3376 cui
1198 3330 1313 3376 Otto
1343 3332 1646 3385 adstipulatus
1676 3341 1747 3377 est
1777 3330 2066 3390 (Versumst.
2083 3335 2105 3379 Ι
2138 3350 2182 3387 p.

476 3423 572 3483 13),
615 3439 780 3470 versus
824 3423 894 3468 31.
937 3424 994 3469 32
1025 3434 1129 3478 post
1159 3424 1217 3470 28
1247 3426 1542 3479 transposuit.
1576 3426 1847 3480 Risbergius
1877 3425 2106 3485 (Emend.
2138 3437 2185 3473 et

2064 3509 2088 3547 9
