2566 3886
341 857 412 902 44.

341 1129 413 1174 49.

274 2308 280 2313 .
343 2245 415 2292 so.

342 2506 414 2553 54.

1128 262 1304 309 -357
1337 287 1396 295 -

477 404 620 441 testor
651 395 880 440 maiorum
912 394 1094 439 cineres
1124 393 1223 446 tibi,
1255 393 1422 445 Roma,
1453 393 1691 444 colendos,

533 490 622 536 sub
652 504 856 542 quorum
886 490 1043 542 titulis,
1076 489 1255 541 Africa,
1287 497 1424 534 tunsa
1454 488 1591 540 iaces,

471 594 518 630 et
547 585 628 639 qui
659 593 719 636 te,
750 584 943 637 Persen,
974 584 1270 629 simulantem
1301 591 1465 637 pectus
1496 582 1710 634 Achillis,

549 688 595 724 et
625 679 825 724 tumidas
855 693 1034 733 proavo
1064 678 1199 732 fregit
1230 677 1419 722 Achille
1450 678 1630 722 domos.

474 856 601 903 Cum
634 857 758 902 Italis
789 857 918 910 lego:

592 952 707 1005 quin
738 960 785 997 et
815 966 943 996 eram
974 949 1100 1009 (erat
1132 947 1206 1008 O)
1236 959 1430 1003 magnae
1461 964 1569 1004 pars
1600 949 1824 994 imitanda
1853 949 2022 993 domus

474 1129 709 1183 quaelibet
738 1137 944 1174 austeras
976 1129 1036 1174 de
1068 1143 1145 1173 me
1175 1128 1295 1173 ferat
1325 1142 1445 1172 urna
1475 1126 1667 1171 tabellas

473 1223 584 1268 Iure
615 1232 750 1277 negat
782 1223 974 1268 Bootius
1004 1220 1076 1281 (p.
1109 1219 1193 1279 31)
1225 1222 1391 1267 Latine
1422 1222 1515 1267 dici
1552 1236 1689 1275 posse
1718 1236 1867 1274 „urna
1892 1221 1983 1266 fert
1998 1221 2189 1266 tabellas

474 1318 534 1363 de
582 1318 767 1370 aliquo”
809 1333 897 1371 pro
940 1332 1030 1369 „ex
1068 1332 1187 1362 urna
1219 1317 1457 1362 ducuntur
1487 1316 1741 1369 tabellae'’;
1774 1324 2016 1369 praeterea
2045 1331 2187 1361 unam

472 1427 639 1458 urnam
682 1428 777 1458 non
809 1413 981 1465 plures,
1012 1426 1116 1457 esse
1147 1413 1286 1457 docet
1316 1426 1483 1457 versus
1517 1411 1596 1456 19:
1629 1411 1807 1465 „posita
1837 1411 1969 1456 sedet
1998 1410 2189 1456 Aeacus

474 1508 634 1559 urna”,
647 1507 812 1561 recipit
824 1516 979 1552 autem
995 1507 1187 1553 Bootius
1216 1522 1335 1559 una,
1364 1507 1492 1561 quod
1509 1506 1787 1560 excogitavit
1799 1505 2189 1561 Wiingaardenus

474 1603 748 1656 confertque

591 1697 733 1750 Prop.
765 1697 827 1749 11,
862 1696 932 1749 13,
966 1696 1023 1742 44
1054 1697 1250 1750 quaevis
1281 1697 1342 1742 de
1373 1696 1521 1742 tribus
1553 1711 1648 1742 una

593 1791 696 1837 Cic.
729 1791 858 1837 Brut.
889 1791 948 1837 93
1067 1792 1223 1846 quivis
1254 1806 1376 1837 unus
1408 1806 1468 1836 ex
1499 1791 1675 1843 populo

474 1887 558 1932 sed
589 1886 816 1941 quivis
858 1902 1023 1932 unus
1054 1896 1153 1932 tum
1185 1887 1336 1932 solum
1367 1886 1460 1931 dici
1492 1894 1643 1939 potest
1673 1886 1711 1931 si
1739 1885 1926 1931 additur
1941 1901 2001 1931 ex
2017 1885 2189 1939 quibus

474 1996 507 2026 u
522 1996 554 2025 n
570 1995 602 2026 u
619 1995 641 2025 s
686 1989 896 2025 sumatur
940 1978 1027 2039 (de
1077 1981 1240 2034 tribus,
1286 1996 1346 2026 ex
1392 1977 1607 2038 populo).
1639 1980 1816 2026 Melior
1846 1981 1982 2035 igitur
2014 1980 2188 2026 Eldikii

475 2075 744 2121 coniectura
787 2092 818 2122 u
836 2092 883 2121 m
900 2076 931 2121 b
944 2092 968 2121 r
983 2091 1023 2122 a.

478 2246 680 2292 Pulchre
710 2248 1021 2293 emendarunt
1053 2248 1177 2293 Itali:

711 2342 891 2395 turpior
920 2357 1101 2389 assessu
1133 2358 1228 2389 non
1260 2343 1349 2389 erit
1379 2344 1474 2389 ulla
1504 2358 1613 2388 meo

475 2508 552 2553 vel
583 2505 634 2558 -l-
665 2508 798 2554 cuius
828 2523 957 2554 rasos
994 2519 1033 2560 -ι-
1070 2523 1178 2555 cum
1210 2509 1358 2555 Vesta
1388 2518 1657 2563 reposceret
1689 2509 1832 2563 ignes.

475 2603 792 2649 Phillimorius
851 2604 1046 2650 conicit:
1109 2605 1220 2650 vel
1280 2605 1401 2657 cui.
1462 2605 1723 2650 iuratos
1784 2620 1922 2651 cum
1983 2605 2189 2649 Vesta

476 2712 500 2741 r
515 2711 542 2742 e
559 2712 591 2750 p
606 2712 635 2742 o
651 2712 672 2742 s
688 2712 715 2742 c
730 2713 758 2742 e
774 2713 798 2742 r
813 2713 840 2743 e
857 2707 875 2743 t
919 2699 933 2743 i
950 2707 978 2752 g
993 2715 1024 2743 n
1041 2714 1068 2744 e
1085 2714 1120 2751 S,
1167 2700 1295 2753 quod
1328 2715 1423 2745 non
1455 2700 1680 2754 intelligo;
1701 2700 1924 2745 Italorum
1941 2699 2187 2744 inventum

477 2805 504 2835 c
519 2806 549 2836 o
565 2806 612 2835 m
630 2807 676 2836 m
694 2792 746 2837 is
762 2807 783 2837 s
800 2807 829 2837 ο
845 2807 867 2837 s
912 2808 1077 2846 parum
1109 2802 1237 2839 curat
1270 2794 1438 2839 ductus
1468 2794 1747 2847 litterarum3
1777 2793 1943 2839 melior
1958 2817 2016 2824 —
2033 2807 2188 2846 neque

477 2894 633 2931 tamen
664 2895 791 2931 certa
819 2912 880 2918 -
909 2888 1177 2933 coniectura
1208 2888 1495 2941 Baehrensii,
1527 2904 1668 2943 quam
1700 2888 1959 2942 Postgatius
1990 2887 2187 2940 recepit:

595 2981 673 3026 vel
703 2981 793 3033 cui,
825 2996 955 3026 sacra
985 2996 1094 3027 suos
1126 2997 1234 3028 cum
1266 2982 1413 3028 Vesta
1442 2991 1711 3035 reposceret
1740 2983 1883 3037 ignes.

346 3150 418 3196 65.
449 3151 521 3197 66.
560 3152 670 3197 Hoc
702 3152 932 3198 distichon
965 3154 1086 3198 male
1117 3153 1451 3199 sententiarum
1483 3154 1698 3198 ordinem
1730 3168 2035 3207 corrumpere
2066 3153 2188 3206 Kop-

480 3245 678 3298 piersius
724 3247 826 3292 iure
872 3262 958 3293 suo
1004 3248 1268 3300 contendit;
1314 3247 1543 3293 assentior
1587 3247 1725 3301 igitur
1767 3247 1871 3292 viro
1902 3248 2041 3293 docto
2074 3246 2188 3293 Otto

480 3338 689 3398 (Bphw.
724 3340 851 3394 1885.
880 3357 925 3395 p.
942 3339 1056 3400 486)
1072 3342 1138 3387 sic
1154 3342 1404 3387 scribenti:
1422 3342 1543 3394 „Die
1561 3341 1864 3395 Erwfihnung
1880 3342 1963 3386 des
1981 3341 2188 3387 Bruders

481 3450 526 3479 v.
572 3434 644 3480 65.
675 3435 734 3481 66
778 3436 836 3481 ist
880 3436 1122 3482 einerseits
1153 3438 1262 3483 sehr
1292 3438 1483 3482 storend
1516 3437 1613 3482 und
1646 3436 1915 3489 unpassend
1945 3435 2184 3481 zwischen
