2566 3886
319 2391 390 2436 48.

315 2771 386 2817 50.

1109 256 1374 302 —142—

449 388 739 433 zukommen
756 402 818 432 zu
838 387 989 432 lassen
1003 385 1059 431 ?”
1088 388 1259 432 verba
1289 403 1497 442 ponere
1529 389 1794 441 „scribere”
1821 391 2163 446 interpretatus.

450 482 541 528 Sed
575 498 606 527 v
622 498 649 527 e
666 498 689 526 r
706 482 736 527 b
753 497 780 527 a
825 497 856 535 p
873 497 901 527 o
918 498 948 527 n
967 497 993 527 e
1010 498 1034 527 r
1050 498 1076 527 e
1110 483 1375 534 „scribere”
1405 483 1663 537 significare
1694 486 1986 532 confidenter
2018 498 2163 543 nego;

448 578 745 623 conferamus
777 586 932 623 autem
965 579 1182 631 exempla
1212 593 1239 623 a
1271 578 1415 623 Birtio
1447 579 1604 623 allata:
1824 573 1825 576 ¹

449 673 648 719 Cicero:
681 689 853 726 ponam
887 674 934 718 in
967 682 1180 719 extremo
1211 674 1325 727 quid
1358 675 1568 720 sentiam.

449 769 568 814 Plin.
602 768 666 813 N.
701 769 825 814 Hist.
861 768 930 821 13,
962 767 1046 814 85:
1080 769 1318 815 Heminae
1349 769 1497 814 verba
1527 785 1714 822 ponam.

447 864 695 910 Ciceronis
742 866 872 910 locus
916 865 1031 909 nihil
1063 866 1255 918 prodest
1286 866 1345 910 ad
1378 881 1409 910 v
1427 866 1540 910 erb
1561 881 1588 910 a
1634 881 1759 919 pon
1777 882 1803 911 e
1823 882 1891 912 re
1934 883 1992 913 eo
2024 869 2167 914 modo

446 976 542 1013 quo
589 960 690 1005 vult
738 960 910 1005 Birtuis
956 960 1285 1013 defendenda;
1324 961 1440 1006 alter
1471 962 1615 1014 locus,
1648 962 1686 1007 si
1718 970 1841 1007 totus
1872 963 2165 1019 exscribstur,

448 1057 548 1110 ipse
594 1056 746 1100 statim
791 1056 979 1101 docebit
1029 1071 1079 1101 se
1123 1057 1216 1101 huc
1261 1071 1356 1101 non
1402 1057 1662 1109 pertinere:
1705 1067 1993 1111 quapropter
2034 1058 2080 1104 in
2114 1073 2167 1104 re

447 1160 572 1196 tanta
603 1151 748 1204 ipsius
785 1150 1024 1196 Heminae
1055 1151 1203 1196 verba
1234 1166 1421 1204 ponam.

448 1247 575 1292 Nam
634 1262 664 1299 p
681 1262 710 1291 o
728 1263 757 1291 n
776 1262 802 1291 e
820 1262 887 1292 re
940 1247 1142 1299 „scripto
1207 1248 1460 1292 mandare’'
1504 1248 1762 1301 significare
1809 1263 1946 1300 posse
1995 1248 2167 1301 cuique

448 1351 612 1387 notum
646 1351 739 1395 est;
782 1343 988 1388 verba
1029 1358 1282 1396 ponere
1324 1344 1414 1388 hoc
1446 1344 1550 1388 loco
1582 1343 1934 1389 defendendum
1967 1353 2078 1389 erat·

449 1438 615 1483 Redeo
662 1437 799 1490 igitur
845 1446 1100 1490 praeeunte
1149 1438 1414 1483 Hartmano
1460 1439 1518 1483 ad
1568 1438 1784 1483 Beroaldi
1823 1439 2167 1484 coniecturam:

446 1533 560 1586 quid
608 1533 737 1577 iuvat
783 1533 877 1577 heu
924 1529 1017 1590 (sic
1066 1530 1340 1591 Rothstein)
1387 1533 1516 1578 nullo
1567 1534 1778 1585 pondere
1825 1534 1972 1579 verba
2021 1534 2166 1587 loqui.

449 1629 703 1681 Postquam
746 1643 822 1681 po
840 1644 871 1673 n
889 1629 919 1672 d
938 1644 964 1673 e
981 1643 1048 1673 re
1090 1643 1201 1673 casu
1239 1629 1446 1681 quodam
1493 1629 1541 1673 in
1594 1645 1625 1682 p
1642 1643 1718 1673 on
1736 1644 1846 1674 ere
1892 1638 2166 1683 corruptum

449 1734 518 1769 est
550 1723 705 1776 loqui
737 1723 1130 1781 παραδιορθώσει
1161 1723 1208 1768 in
1240 1724 1300 1768 lo
1318 1738 1343 1768 c
1361 1739 1390 1768 o
1421 1732 1722 1768 mutaverunt
1753 1724 1942 1769 librarii.

448 1820 585 1872 Quae
632 1820 670 1864 si
715 1819 914 1864 feliciter
961 1819 1196 1872 disputata·
1224 1827 1345 1871 sunt,
1378 1819 1604 1872 intelliges
1637 1834 1713 1864 me
1745 1820 1831 1889 hos
1863 1828 1969 1864 octo
2001 1834 2167 1864 versus

447 1930 542 1960 non
590 1930 698 1960 cum
748 1914 991 1967 superiore
1023 1914 1169 1968 elegia
1200 1914 1485 1968 coniungere
1517 1915 1666 1967 velle3
1699 1929 1808 1959 nam
1841 1913 1878 1959 si
1911 1928 2077 1959 versus
2108 1911 2167 1958 43

448 2010 510 2054 ita
556 2010 779 2062 explicari
826 2009 980 2062 debet,
1014 2018 1064 2054 ut
1097 2009 1240 2054 Barth
1274 2009 1418 2062 Paley
1451 2009 1651 2063 Risberg
1682 2010 1861 2062 volunt,
1893 2009 2168 2054 exclamatio

448 2105 591 2157 „quid
623 2105 752 2150 iuvat
783 2106 876 2150 heu
902 2105 1033 2150 nullo
1048 2118 1227 2158 ponere
1244 2104 1391 2149 verba
1407 2105 1565 2157 loqui'’
1583 2120 1609 2149 a
1625 2113 1846 2149 contextu
1862 2104 2067 2149 alienum
2084 2113 2167 2149 est.

451 2200 566 2245 Mea
596 2200 735 2254 igitur
766 2201 995 2246 sententia
1026 2215 1192 2245 versus
1224 2198 1400 2244 43—50
1431 2200 1741 2253 fragmentum
1773 2208 1894 2245 sunt.

452 2392 635 2437 Versus
666 2390 724 2436 48
756 2390 870 2444 quin
903 2405 929 2435 a
961 2390 1268 2435 Lachmanno
1299 2398 1426 2434 recte
1470 2389 1721 2434 scribatur:
1768 2404 1793 2433 c
1808 2405 1839 2434 u
1853 2404 1900 2433 m
1948 2404 1972 2433 r
1983 2404 2010 2433 e
2024 2388 2078 2433 ci
2092 2403 2123 2441 p
2137 2389 2166 2441 i,

448 2501 625 2540 quem
676 2501 795 2531 non
843 2485 1099 2530 noverit
1145 2485 1270 2537 illa,
1318 2493 1511 2537 putat,
1555 2499 1650 2528 non
1701 2483 1878 2529 dubito.
1912 2481 2033 2540 (vid.
2065 2483 2166 2528 eius

450 2581 798 2626 annotationem
832 2581 880 2625 in
913 2580 1022 2625 edit.
1058 2579 1187 2632 1816,
1220 2594 1264 2631 p.
1300 2578 1427 2637 179).

449 2771 682 2817 Ultimum
716 2786 908 2817 versum
940 2786 1049 2815 cum
1082 2752 1251 2815 eodem
1285 2770 1591 2815 Lachmanno
1623 2769 1754 2822 lego:

446 2882 623 2920 quem,
667 2881 808 2919 quae
852 2866 995 2911 scire
1050 2865 1220 2917 timet,
1282 2879 1554 2918 quaerere
1607 2865 1767 2918 plura
1813 2863 1978 2916 iubet,
2025 2871 2165 2916 atque

454 2962 667 3015 explico:
691 2961 916 3013 Puerum,
961 2960 1041 3013 qui
1086 2975 1136 3005 se
1182 2974 1384 3012 causam,
1417 2975 1502 3004 cur
1532 2959 1688 3012 puella
1718 2974 1814 3004 non
1846 2958 2017 3011 veniat,
2048 2957 2167 3003 scire

452 3057 651 3111 negavit,
667 3057 803 3111 plura
833 3071 954 3109 quae
982 3056 1083 3108 ipse
1114 3055 1246 3100 timet
1277 3055 1412 3107 scire,
1429 3068 1659 3107 quaerere
1673 3053 1815 3099 iubet.
1836 3049 2166 3111 (Lachmann)

451 3153 496 3204 Q
515 3169 545 3197 u
562 3168 589 3197 a
605 3167 632 3197 e
648 3168 673 3197 r
688 3167 715 3197 e
732 3168 756 3196 r
771 3167 799 3197 e
830 3160 957 3197 recte
988 3151 1143 3204 habet,
1176 3166 1285 3196 nam
1317 3165 1497 3202 servus,
1529 3149 1611 3203 qui
1631 3149 1847 3195 nuntium
1865 3147 2052 3199 rettulit,
2069 3161 2165 3192 non

450 3248 648 3301 puellae,
680 3248 763 3292 sed
795 3247 1013 3292 amatoris
1044 3254 1127 3297 est,
1160 3254 1211 3290 ut
1243 3245 1329 3290 ΙΙΙ.
1361 3244 1403 3289 6.
