2566 3886
1121 253 1389 300 —281-

338 384 526 430 11-15.
556 384 749 430 forsitan
779 386 897 432 haec
927 386 1015 432 illis
1045 386 1220 432 fuerint
1250 387 1468 433 mandata
1496 386 1706 433 tabellis:

619 480 837 533 „irascor,
868 481 1091 534 quoniam
1123 496 1188 534 es,
1219 482 1359 534 lente,
1391 490 1599 527 moratus
1629 481 1745 527 heri.

465 589 524 620 an
556 574 640 620 tibi
670 575 830 621 nescio
860 591 982 629 quae
1013 577 1114 622 visa
1144 585 1215 622 est
1243 576 1535 623 formosior?
1565 592 1624 622 an
1660 586 1711 622 tu

616 685 712 715 non
744 670 869 716 bona
899 671 960 717 de
991 672 1127 718 nobis
1158 672 1356 718 crimina
1386 673 1492 718 ficta
1521 672 1633 718 iacis
1650 671 1705 717 Ρ”

465 772 544 810 aut
575 764 691 809 dixit
722 765 915 817 „venies
947 765 1103 819 hodie,
1135 766 1423 813 cessabimus
1455 767 1592 813 una”.

466 858 560 904 Pro
607 858 909 912 Neapolitani
954 860 1155 906 lectione
1201 861 1445 907 fuerint
1492 861 1538 907 O
1579 861 1755 906 habent
1786 861 2070 913 fuerant;
2101 860 2178 906 hic

463 962 635 1006 tamen,
666 969 951 1008 quamquam
982 955 1196 1008 plerique
1226 955 1430 1001 editores
1462 955 1749 1001 Baehrensio
1781 955 2029 1000 defensore
2052 955 2177 1000 codi-

463 1063 572 1109 cum
608 1047 654 1094 Ο
686 1063 782 1094 non
813 1057 1011 1103 excepto
1045 1049 1412 1104 Neapolitanum
1444 1059 1719 1105 sequuntur,
1751 1065 1860 1096 cum
1894 1049 2176 1096 Housmano

463 1140 607 1201 (JPh.
638 1142 774 1195 XXI,
807 1158 852 1197 p.
886 1141 998 1202 158)
1028 1153 1075 1190 et
1107 1145 1340 1199 Postgatio
1368 1144 1414 1191 Ο
1431 1154 1510 1191 aut
1526 1160 1694 1191 verum
1711 1154 1790 1191 aut
1806 1146 1969 1191 saltem
1986 1143 2178 1198 vestigia

462 1238 564 1284 veri
595 1253 708 1291 prae
739 1238 789 1284 N
822 1253 1033 1286 servasse
1064 1240 1179 1286 mihi
1210 1255 1485 1294 persuasum
1517 1249 1600 1286 est.

463 1332 591 1378 Nam
637 1333 823 1380 duobus
868 1334 983 1380 locis
1028 1336 1154 1389 apud
1200 1343 1413 1381 nostrum
1460 1335 1733 1381 forsitan
1779 1351 1889 1381 cum
1921 1335 2176 1381 indicativo

458 1428 670 1474 adhiberi
714 1429 776 1481 11.
819 1428 862 1474 9.
899 1429 980 1482 223
1026 1429 1095 1483 15,
1137 1429 1209 1483 54,
1247 1430 1383 1476 tertio
1415 1427 1530 1489 (ΙΙΙ,
1561 1430 1633 1483 20,
1665 1429 1721 1489 6)
1752 1431 1939 1478 codices
1971 1431 2093 1477 inter
2124 1445 2175 1476 se

460 1523 649 1568 differre
679 1532 807 1569 recte
838 1523 1058 1570 observat
1090 1525 1425 1572 Housmanus:
1458 1535 1618 1572 nostro
1649 1526 1754 1572 loco
1787 1541 1953 1573 versus
1987 1525 2042 1572 15
2074 1534 2176 1571 aut

460 1618 491 1663 d
506 1617 622 1664 ixit
665 1619 803 1664 docet
844 1619 892 1665 in
936 1635 1078 1666 versu
1122 1621 1174 1666 ll
1209 1636 1400 1676 quoque
1443 1621 1749 1668 indicativum
1781 1621 1986 1675 requiri3
2018 1620 2173 1666 scribo

459 1713 598 1767 igitur
641 1714 700 1760 fu
716 1723 918 1767 erunt,
949 1716 1093 1769 quod,
1126 1725 1176 1761 ut
1207 1717 1477 1771 saepissime
1508 1717 1690 1770 accidit,
1722 1718 1769 1763 in
1802 1717 2016 1771 plerique
2047 1716 2172 1762 codi-

459 1807 592 1854 cibus
623 1808 671 1854 in
701 1810 951 1855 fuerant
982 1819 1256 1864 corruptum
1288 1821 1358 1858 est
1388 1821 1581 1867 propter
1610 1818 1638 1859 ὅ
1669 1813 1831 1859 breve.

458 1902 800 1957 Neapolitanus
845 1914 1017 1959 autem,
1063 1915 1115 1952 ut
1160 1907 1248 1960 111,
1295 1907 1367 1960 20,
1410 1907 1439 1953 6
1485 1908 1773 1955 usitatiorem
1815 1906 2170 1954 coniunctivum

459 1999 681 2053 reposuit.

327 2189 397 2236 13.
416 2190 485 2236 14.
1396 2209 1455 2239 an
1486 2202 1537 2239 tu

326 2670 395 2716 17.

457 2299 553 2330 non
584 2284 708 2330 bona
738 2285 799 2330 de
830 2285 966 2331 nobis
996 2287 1193 2333 crimina
1222 2288 1328 2333 ficta
1357 2288 1508 2334 iacis?

456 2377 532 2424 Sic
562 2379 772 2425 scribunt
804 2380 1126 2427 Rothsteinius
1157 2391 1203 2427 et
1234 2382 1553 2429 Phillimorius
1584 2399 1692 2429 cum
1726 2383 1787 2429 Ο.
1805 2382 2026 2429 Soloece:
2043 2397 2168 2435 „non

455 2474 580 2521 bona
609 2469 807 2521 crimina
837 2475 996 2529 ficta’';
1029 2478 1196 2524 melius
1229 2478 1350 2524 Itali:
1377 2494 1473 2525 non
1494 2479 1634 2525 bene
1651 2480 1710 2525 de
1727 2479 1863 2525 nobis
1880 2478 2076 2525 crimina
2091 2479 2121 2524 f.
2140 2478 2168 2523 i.

455 2679 503 2717 et
532 2686 859 2725 quaecumque
891 2673 1056 2718 dolens
1087 2674 1261 2727 reperit
1291 2689 1387 2720 non
1419 2676 1558 2721 stulta
1588 2676 1757 2730 puella,

605 2767 787 2820 garrula
817 2782 926 2813 cum
958 2768 1141 2815 blandis
1173 2769 1360 2815 ducitur
1390 2771 1507 2816 hora
1537 2771 1656 2817 dolis

456 2860 532 2905 De
577 2861 807 2906 sententia
851 2862 1021 2908 horum
1064 2879 1290 2910 versuum
1322 2874 1511 2911 annotat
1543 2866 1890 2912 Rothsteinius:
1923 2881 2033 2919 „um
2066 2865 2164 2910 sich

455 2955 548 3000 den
580 2955 843 3009 moglichen
876 2956 1029 3002 Inhalt
1059 2959 1143 3003 des
1173 2960 1455 3005 verlorenen
1480 2960 1826 3007 Liebesbrieies
1846 2961 2163 3013 auszumalen‚

456 3048 719 3094 benutzt
765 3050 875 3095 der
921 3051 1190 3098 Dichter
1236 3054 1337 3099 die
1382 3055 1805 3110 Vorstellung
1850 3056 2027 3101 eines
2059 3055 2164 3100 Zu-

456 3145 910 3191 sammenseins
956 3147 1191 3192 zweier
1237 3148 1630 3202 Liebenden,
1662 3150 1738 3195 bei
1770 3151 1879 3195 dem
1911 3151 1994 3195 das
2027 3150 2163 3195 Mad-

454 3238 576 3283 chen
620 3237 815 3284 bemiiht
845 3239 916 3292 ist,
947 3241 1040 3286 den
1075 3241 1226 3287 Mann
1259 3243 1410 3289 durch
1441 3244 1707 3298 geschickte
1740 3245 2020 3298 Benutzung
2049 3246 2164 3290 aller

456 3331 614 3377 Mittel
656 3330 778 3389 (non
820 3336 969 3389 stulta,
1012 3337 1194 3383 blandis
1225 3337 1371 3397 dolis)
1401 3355 1463 3384 zu
1495 3340 1679 3392 iesseln,
1711 3341 1862 3385 durch
1894 3339 2162 3385 Schmollen

454 3426 572 3472 iiber
602 3426 732 3472 seine
763 3427 1173 3486 Gleichgfiltigkeit
1204 3430 1422 3492 (dolens)
1453 3435 1551 3480 und
1583 3436 1734 3481 durch
1770 3435 2017 3481 zfirtliches
2055 3434 2161 3480 Lie-
