2566 3886
337 381 408 427 23.

341 1777 409 1822 12.

338 3146 409 3192 24.

1130 252 1396 298 -264-

470 382 648 427 adferet
680 382 772 427 huc
804 390 1041 435 unguenta
1071 382 1185 427 mihi
1204 415 1215 427 .
1234 415 1244 426 .
1264 415 1275 426 .
1294 416 1305 427 .

471 476 648 522 Iniuria
665 476 809 529 Paley
826 485 872 521 et
890 476 1162 521 Phillimore
1178 475 1353 530 Guyeti
1370 478 1688 524 coniecturam
1718 480 1750 524 h
1763 494 1790 524 a
1803 494 1830 524 e
1843 494 1869 524 c
1894 490 2187 532 spreverunt.

473 571 567 617 Hu
581 587 621 624 c,
654 586 718 616 sc.
750 572 820 616 ad
852 572 912 616 fu
928 587 958 616 n
973 587 1000 617 e
1014 586 1091 624 ra,
1126 573 1316 617 adnotat
1349 572 1519 625 Paley3
1551 575 1634 618 sed
1667 574 1732 619 sic
1763 575 2055 628 pronominis
2077 591 2188 621 usus

470 667 675 712 insolens
706 676 789 719 est,
821 667 1032 712 subiecto
1061 667 1195 712 verbi
1227 666 1335 711 ads
1343 676 1475 713 eret
1505 677 1641 722 aegre
1674 684 1903 715 caremus·

474 797 682 843 Versum
714 798 781 843 sic
811 799 914 851 lego
933 813 943 842 :

621 902 700 938 aut
731 893 901 938 humer
931 893 1114 947 ignotae
1146 893 1347 939 cumulis
1379 893 1575 939 vallatus
1606 895 1823 940 harenae.

1042 1193 1297 1240 ELEGIA
1327 1193 1491 1238 XVII.

472 1325 567 1370 Pro
613 1326 861 1378 placato
908 1339 1017 1370 cum
1052 1324 1284 1378 Postgatio
1315 1324 1471 1369 scribo
1503 1326 1804 1378 placatus,
1849 1326 1907 1371 cf.
1940 1325 2045 1371 CR.
2077 1326 2189 1379 XV,

472 1434 517 1472 p.
549 1418 651 1465 408.

471 1550 548 1596 De
580 1550 840 1596 Burmanni
866 1550 1137 1596 coniectura
1166 1551 1396 1596 amoris
1428 1565 1515 1603 pro
1547 1552 1605 1596 in
1636 1552 1824 1597 astris
1855 1553 2017 1598 confer
2044 1552 2191 1598 Lach-

471 1661 697 1691 mannum
729 1646 789 1691 ad
820 1646 947 1690 hunc
979 1660 1171 1692 versum
1203 1643 1304 1703 (ed.
1340 1645 1469 1698 1816,
1500 1662 1546 1700 p.
1578 1645 1706 1705 304).

471 1792 674 1830 spesque
705 1777 941 1829 timorque
972 1777 1130 1822 animo
1161 1785 1318 1822 versat
1347 1785 1549 1831 utroque
1581 1778 1724 1823 modo

471 1871 547 1918 Sic
579 1871 640 1925 O,
672 1872 801 1925 quod
833 1872 1033 1917 diversis
1064 1871 1216 1917 modis
1248 1871 1486 1925 corrigunt
1515 1872 1606 1918 viri
1638 1872 1789 1918 docti:

471 1968 831 2013 Lachmannus:
863 1982 1066 2021 spesque
1096 1967 1332 2020 timorque
1362 1967 1572 2013 animum
1604 1976 1761 2013 versat
1797 1977 1999 2021 utroque
2030 1984 2190 2014 meum

474 2062 812 2108 Baehrensius:
949 2095 976 2115 ‚,
1209 2096 1235 2115 „
1447 2096 1473 2115 „
1670 2097 1696 2116 ‚,
1800 2063 2038 2116 utrimque
2098 2096 2126 2116 ‚,

473 2158 782 2203 Housmanus
813 2156 957 2216 (JPh.
989 2158 1127 2211 XVI,
1153 2173 1198 2211 p.
1230 2155 1313 2216 11)
1344 2173 1545 2212 spesque
1570 2158 1805 2212 timorque
1828 2158 2012 2203 animae
2036 2166 2192 2203 versat

472 2263 673 2306 utroque
705 2254 863 2306 modo,
895 2254 1091 2307 iungens
1123 2253 1360 2299 animae
1399 2254 1579 2299 modo
1611 2254 1640 2298 i.
1657 2269 1698 2299 e.
1731 2253 1860 2299 venti
1888 2253 2059 2298 instar:
2088 2252 2191 2298 obs-

471 2364 585 2394 cure
613 2357 753 2402 atque
784 2363 951 2401 parum
982 2357 1194 2394 venuste.

477 2444 576 2498 Ego
607 2459 823 2498 propono
856 2444 1044 2489 Heinsii
1077 2452 1123 2489 et
1155 2443 1430 2489 Baehrensii
1462 2443 1666 2489 inventis
1698 2457 1834 2488 usus:

623 2553 825 2592 spesque
857 2539 1092 2591 timorque
1122 2539 1304 2584 animos
1334 2547 1490 2584 versat
1520 2547 1722 2591 utroque
1753 2539 1916 2583 malus.

473 2635 655 2680 Mirum
687 2643 757 2679 est
789 2633 1136 2679 Rothsteinium
1168 2634 1417 2687 vulgatam,
1449 2649 1591 2687 quam
1621 2634 1721 2686 ipse
1744 2633 2008 2686 languidam
2035 2633 2190 2686 habet,

472 2729 799 2783 manuscriptis
832 2738 993 2782 aperte
1023 2727 1208 2788 (anim
1222 2744 1251 2775 o
1283 2729 1410 2775 enim
1433 2729 1595 2782 utique
1618 2725 1922 2786 mutandum)
1944 2728 2189 2782 corruptis,

471 2826 690 2870 intactam
737 2825 1006 2878 relinquere
1049 2825 1137 2870 hac
1177 2824 1487 2878 explicatione
1533 2831 1832 2870 contentum:
1879 2823 1991 2875 „das
2037 2823 2190 2877 wenig

471 2920 802 2966 anschauliche
833 2929 1098 2973 utroque
1130 2921 1308 2966 modo
1333 2920 1502 2965 nimmt
1518 2920 1611 2964 den
1630 2918 1807 2973 Begriff
1815 2934 1911 2964 von
1935 2933 2189 2971 spesque

473 3016 578 3061 tim
592 3031 622 3062 o
638 3031 663 3061 r
675 3030 706 3069 q
719 3031 751 3061 u
765 3031 792 3061 e
824 3016 948 3061 noch
979 3015 1151 3061 einmal
1182 3016 1304 3061 auf.''

472 3146 709 3192 Pentheos
741 3146 789 3192 in
821 3146 1026 3199 triplices
1056 3147 1223 3192 funera
1253 3155 1379 3200 grata
1409 3155 1583 3200 greges.

474 3241 697 3286 Membra
727 3242 928 3287 lacerata
950 3250 997 3286 et
1023 3242 1173 3287 divisa
1195 3257 1298 3287 esse
1320 3242 1397 3287 hic
1421 3241 1671 3287 memorari
1694 3249 2044 3293 exspectamus;
2073 3240 2189 3285 haec

473 3345 631 3382 tamen
663 3351 782 3382 voce
813 3345 991 3390 grata
1028 3337 1088 3381 in
1120 3336 1320 3390 exprimi
1353 3337 1528 3389 nequit.
1561 3335 1687 3382 Cum
1721 3335 1953 3389 Postgatio
1979 3343 2025 3380 et
2049 3334 2188 3380 Hart-

472 3446 613 3477 mano
643 3447 703 3477 ex
736 3431 981 3478 Passeratii
1013 3432 1282 3478 coniectura
1312 3440 1487 3485 rapta
1517 3431 1845 3485 reponendum
1878 3439 1960 3476 est.
