2566 3886
1135 302 1192 308 -
1225 277 1254 323 6
1284 303 1342 310 .-

445 405 675 458 quibus
724 414 818 450 est
868 406 1130 452 fallacia
1179 408 1366 453 lunae
1404 409 1532 453 salva
1571 409 1817 456 Latinitate
1855 412 1974 457 verti
2005 429 2165 467 posse:

448 501 556 552 „the
571 500 686 544 false
703 509 924 552 pretence
940 502 987 545 of
1003 501 1216 555 bringing
1245 503 1386 547 down
1415 504 1494 548 the
1523 505 1709 556 moon'’,
1739 506 1822 550 sed
1850 521 1910 551 ex
1938 522 2009 559 eo,
2038 510 2166 561 quod

450 595 602 639 statim
633 596 775 647 addit,
809 611 864 648 „a
896 611 1031 641 sense
1063 598 1399 651 peremptorily
1429 598 1680 644 forbidden
1719 599 1783 653 by
1821 602 1899 646 the
1937 604 2168 656 context’'‚

433 699 625 744 apparet
657 691 812 736 virum
845 691 1166 737 doctissimum
1199 708 1389 738 sensum
1419 693 1559 738 totius
1587 695 1677 739 loci
1706 710 1801 740 non
1831 710 2013 748 capere.
2043 697 2167 743 Fere

450 786 497 830 in
521 786 726 830 eundem
744 787 938 831 modurn
958 787 1195 832 Lucianus
1213 788 1477 834 Muellerus
1493 787 1598 846 (Pr.
1616 806 1660 844 p.
1676 788 1877 848 XVIII)
1893 792 2169 838 sententiam

452 896 584 926 suam
617 881 708 926 iam
741 891 877 927 antea
907 882 1254 935 pronuntiarat:
1288 884 1589 937 „Propertius
1621 894 1714 930 tam
1744 886 1929 939 ineptus
1957 896 2092 940 esset,
2121 897 2171 933 ut

450 978 510 1023 ab
548 978 614 1022 eis
645 977 870 1022 auxilium
903 986 1125 1031 speraret,
1156 994 1275 1031 quos
1306 979 1584 1032 impostores
1615 995 1718 1026 esse
1749 990 1796 1025 et
1826 982 2041 1027 crederet
2071 982 2171 1035 ipse

452 1082 499 1118 et
523 1081 683 1125 aperte
715 1071 955 1117 diceret”?
972 1073 1129 1124 Quam
1161 1073 1223 1118 ob
1255 1089 1355 1118 rem
1389 1074 1696 1120 Housmanus
1727 1091 1814 1129 pro
1857 1076 2112 1121 fallacia
2132 1074 2173 1134 1)

455 1168 659 1213 Fruterii
727 1168 1044 1212 coniecturam
1123 1169 1248 1220 pell
1263 1169 1399 1213 acia
1477 1171 1840 1223 commendavit,
1909 1171 2173 1218 Muellerus

454 1263 757 1308 fiduciam
803 1263 1094 1316 excogitavit.

456 1358 633 1403 Melius
685 1366 886 1411 utroque
940 1358 1260 1403 Rothsteinius
1314 1359 1361 1403 in
1405 1361 1743 1406 commentario
1791 1361 2016 1414 explicat:
2068 1362 2173 1415 „die

458 1454 583 1507 Lage
626 1454 710 1498 des
752 1453 972 1498 Dichters
1014 1453 1071 1498 ist
1108 1469 1160 1499 so
1197 1454 1383 1508 traurig‚
1421 1456 1527 1500 dass
1565 1471 1618 1500 er
1653 1465 1942 1510 gezwungen
1982 1458 2039 1502 ist
2075 1457 2174 1503 sich

458 1551 578 1595 nach
618 1550 752 1594 Hilfe
790 1550 1096 1601 umzusehen,
1134 1550 1233 1594 und
1271 1565 1321 1594 es
1352 1550 1410 1595 ist
1440 1551 1860 1604 charakteristisch,
1893 1553 1998 1597 dass
2030 1567 2083 1597 er
2112 1568 2174 1597 zu

460 1646 649 1691 Mitteln
687 1646 834 1699 greist,
872 1661 934 1689 zu
972 1646 1127 1689 denen
1166 1660 1219 1689 er
1255 1645 1398 1690 selbst
1429 1646 1539 1690 kein
1571 1646 1838 1692 Vertrauen
1870 1648 1972 1703 hat;
2006 1648 2088 1692 das
2118 1647 2176 1692 ist

460 1741 611 1785 durch
654 1739 915 1785 fallacia
959 1739 1165 1784 deutlich
1197 1739 1518 1785 bezeichnet.''

462 1836 533 1881 Eo
586 1845 799 1889 tempore
851 1844 1037 1889 poetam
1091 1850 1259 1880 revera
1305 1850 1380 1880 res
1426 1836 1625 1889 magicas
1671 1852 1766 1882 non
1814 1837 1968 1890 magni
2013 1837 2177 1882 fecisse

462 1933 599 1977 docet
630 1946 796 1976 versus
829 1931 912 1975 21:

580 2042 640 2071 en
672 2027 871 2080 agedum
904 2026 1122 2071 dominae
1155 2036 1361 2072 mentem
1394 2028 1654 2073 convertite
1685 2037 1898 2073 nostrae:

464 2139 535 2168 en
579 2122 835 2175 agedum
880 2122 970 2166 hoc
1011 2122 1115 2167 loco
1152 2123 1253 2167 eius
1284 2132 1367 2174 est,
1399 2124 1480 2175 qui
1512 2124 1714 2177 magicos
1746 2139 1854 2169 curn
1887 2139 2051 2169 eorum
2083 2131 2181 2168 arte

466 2218 650 2263 deridet
681 2217 908 2270 nihilique
939 2217 1062 2269 facit,
1095 2218 1152 2262 cf.
1185 2218 1323 2263 etiam
1358 2218 1419 2270 II,
1452 2218 1494 2269 4,
1528 2218 1613 2262 15:

644 2328 753 2357 nam
785 2312 862 2357 cui
893 2327 988 2357 non
1021 2321 1107 2366 ego
1139 2328 1242 2357 sum
1274 2313 1424 2358 fallaci
1456 2313 1665 2366 praemia
1695 2312 1825 2358 vati?

469 2408 740 2460 Ironice,
785 2416 835 2452 ut
866 2408 928 2452 ita
959 2408 1126 2460 dicam,
1158 2409 1276 2453 fellis
1307 2409 1474 2461 plenus
1505 2408 1724 2461 loquitur.

470 2504 578 2550 Nisi
606 2504 733 2548 enim
757 2503 895 2548 sciret
918 2518 1160 2556 nunquam
1184 2504 1387 2556 puellam
1411 2518 1558 2555 suam,
1582 2511 1632 2547 ut
1656 2518 1706 2547 se
1730 2511 1906 2547 amaret
1928 2504 2183 2549 adductum

469 2600 553 2652 ire,
599 2600 713 2652 quid
745 2608 976 2644 terrarum
1023 2614 1133 2643 eum
1178 2607 1405 2650 moveret,
1449 2606 1500 2643 ut
1542 2598 1692 2643 statim
1737 2606 1943 2643 mentem
1987 2606 2187 2644 mutaret

471 2703 773 2748 speraretque
804 2694 979 2739 amicos
1010 2708 1060 2739 se
1091 2694 1139 2738 in
1172 2693 1282 2738 alias
1313 2694 1526 2747 regiones
1557 2694 1693 2746 longe
1724 2708 1751 2738 a
1779 2692 1987 2746 Cynthia
2013 2694 2187 2739 laturos

471 2790 607 2837 esse?
646 2791 757 2835 Hoc
788 2799 944 2835 tamen
982 2789 1226 2843 profitetur
1256 2789 1471 2834 versibus
1502 2789 1819 2842 sequentibus,
1851 2789 1932 2834 ubi
1965 2790 2025 2834 de
2056 2804 2107 2834 se
2138 2797 2189 2834 ut

472 2888 533 2949 de
560 2887 690 2940 lapso
718 2886 938 2939 loquitur,
966 2901 1109 2938 quem
1139 2900 1245 2931 sero
1272 2893 1497 2930 revocant
1517 2884 1668 2930 amici.
1692 2885 1747 2929 In
1769 2884 1964 2929 transitu
1986 2883 2190 2929 observo

471 2997 618 3036 prave
671 2997 698 3027 a
749 2982 986 3027 nonnullis
1038 2982 1151 3026 viris
1203 2981 1352 3026 doctis
1404 2981 1579 3032 Paleyo
1633 2979 1849 3024 Palmero
1895 2978 2190 3024 Rothsteinio

475 3077 767 3122 Phillimorio
797 3077 1147 3122 Hemsterhusii
1164 3074 1206 3134 ⁹)
1223 3077 1539 3122 coniecturam
1584 3083 1681 3120 aut
1719 3089 1805 3127 pro
1842 3082 1898 3119 et
1946 3073 2190 3119 scribentis

475 3189 578 3219 esse
601 3182 818 3226 spretam.
843 3173 958 3218 Eius
981 3172 1128 3217 verba
1149 3173 1266 3217 haec
1289 3180 1421 3217 sunt:
1448 3171 1524 3223 „in
1546 3170 1669 3215 facili
1693 3169 1780 3215 erit
1801 3169 2190 3220 animadvertere,

475 3270 571 3314 duo
614 3268 726 3322 poni
769 3283 797 3313 a
833 3276 971 3321 poeta
1007 3276 1181 3318 nostro,
1219 3281 1340 3320 quae
1378 3281 1486 3311 cum
1525 3274 1723 3318 utraque
1761 3264 1898 3309 simul
1936 3262 2191 3308 consistere

394 3387 425 3433 ¹)
476 3390 703 3430 Kfihluvein,
731 3401 764 3429 p.
793 3389 840 3422 l.z
867 3389 1044 3423 sollertia.

393 3470 426 3518 ²)
475 3473 515 3507 In
542 3473 742 3507 Burmanni
768 3472 920 3507 necundi
947 3472 1109 3506 editione
1137 3483 1169 3511 p.
1196 3471 1278 3507 922.
