2566 3886
1113 280 1378 328 —163-·

457 416 614 461 Aliam
631 416 757 461 viam
773 415 1006 470 ingressus
1024 415 1378 461 Heimreichius
1393 430 1558 461 versus
1575 415 1616 460 5.
1633 415 1662 460 6
1675 424 1779 468 post
1794 414 1848 460 12
1862 423 2168 468 transponere

457 511 658 564 volebat,
702 512 777 556 cui
821 511 1127 564 adstipulatur
1171 510 1419 556 Hartman.
1464 510 1556 571 Sed
1600 519 1741 556 restat
1782 510 1830 554 in
1877 518 2168 563 pentametro

458 606 702 652 difficultas
732 607 987 660 quaedam3

608 701 853 754 pericla
894 702 1038 747 viae
1079 702 1268 747 maris
1309 711 1367 747 et
1406 710 1620 747 terrae

385 801 392 806 “
459 796 708 842 durissime
739 796 1030 842 enuntiatum
1062 805 1145 841 est.

461 890 891 945 Waardenburgius
901 900 1058 936 autem
1069 891 1244 945 aliquid
1255 891 1547 944 excogitavit,
1558 905 1653 944 quo
1665 899 1856 943 recepto
1868 887 1909 948 ¹)
1919 899 2171 944 utrumque

457 987 810 1032 incommodum
840 986 1107 1032 felicissime
1139 987 1326 1032 tollitur.
1359 986 1607 1032 Distichon
1640 986 1682 1031 5.
1713 987 1742 1031 6
1773 987 1839 1032 sic
1871 987 2081 1040 refingit:

610 1096 694 1127 seu
728 1081 927 1135 pedibus
959 1081 1156 1127 Parthos
1187 1082 1429 1135 sequimur
1459 1097 1542 1127 seu
1574 1082 1720 1127 classe
1752 1081 2014 1134 Britannos,

730 1186 776 1222 et
809 1177 949 1222 maris
980 1186 1027 1222 et
1057 1186 1210 1222 terrae
1241 1192 1381 1222 caeca
1411 1177 1608 1230 perinde
1640 1178 1771 1223 viast.

459 1271 605 1318 Nunc
641 1272 830 1325 pluralis
867 1272 1047 1325 primae
1085 1287 1314 1326 personae
1351 1288 1447 1318 non
1486 1273 1578 1318 iam
1617 1273 1826 1325 offendit,
1861 1289 1969 1318 nam
2002 1274 2172 1319 refutat

460 1369 507 1413 in
539 1368 813 1414 universum
837 1369 1035 1422 loquens
1051 1383 1132 1413 eos
1149 1368 1229 1422 qui
1246 1368 1423 1413 funeris
1439 1369 1603 1413 horam
1621 1377 1871 1422 quaerunt;
1889 1384 2174 1423 quocunque

461 1463 587 1509 enim
620 1478 706 1509 nos
736 1463 1037 1516 conferimus,
1070 1463 1247 1517 ubique
1275 1471 1433 1508 nostra
1449 1463 1526 1507 via
1541 1478 1693 1507 caeca.
1713 1463 1961 1508 Praeterea
1977 1464 2174 1509 alterum

459 1559 625 1604 vitium
657 1568 891 1604 remotum
922 1567 1005 1604 est.

356 1747 399 1793 7.
461 1748 555 1794 Pro
585 1749 754 1794 fletus
785 1749 912 1803 quod
944 1748 1139 1802 legimus
1170 1748 1218 1793 in
1251 1747 1301 1793 N
1334 1758 1461 1794 recte
1479 1748 1729 1794 Housman
1745 1747 2044 1807 (JPh.XX1‚
2064 1746 2175 1808 118)

460 1844 657 1889 restituit
697 1844 740 1888 fl
755 1859 818 1889 es
848 1853 926 1895 tu,
958 1844 1085 1897 quod
1118 1843 1261 1897 magis
1292 1845 1443 1897 placet
1475 1859 1616 1898 quam
1650 1844 1872 1890 Italorum
1905 1845 2174 1890 coniectura

459 1939 654 1991 fletis,
693 1948 942 1993 propterea
965 1940 1093 1993 quod
1131 1939 1197 1984 sic
1235 1940 1453 1985 transitus
1490 1940 1549 1985 ad
1588 1940 1815 1985 metuis
1853 1965 1912 1971 —
1949 1940 2015 1985 sic
2046 1941 2173 1986 enim

460 2048 568 2079 cum
609 2034 847 2080 Muellero
878 2049 965 2089 pro
1003 2034 1259 2080 domibu
1274 2032 1467 2093 s(que)
1504 2050 1645 2080 versu
1676 2034 1705 2079 9
1736 2035 1985 2088 legendum
2017 2045 2086 2081 est
2117 2061 2175 2066 —

460 2129 616 2174 minus
647 2130 793 2175 durus
824 2138 907 2175 est.

458 2223 552 2270 Pro
582 2226 916 2270 tumultum
948 2240 1057 2270 cum
1086 2225 1249 2270 codice
1277 2225 1436 2270 Musei
1454 2225 1708 2270 Britannici
1730 2225 1878 2270 23766
1909 2226 2173 2270 tumultu

457 2317 531 2378 (=
547 2317 792 2377 tumultui)
808 2320 1024 2374 legimus3
1041 2320 1215 2365 deinde
1231 2336 1340 2365 cum
1360 2320 1674 2374 Neapolitano
1699 2335 1724 2365 c
1736 2335 1806 2373 ap
1818 2336 1848 2365 u
1860 2330 1878 2365 t
1903 2320 2172 2366 scribimus:

458 2415 515 2459 cf.
548 2424 790 2468 praeterea
824 2414 1156 2460 Housmanum
1187 2415 1215 2461 J
1221 2415 1305 2461 Ph.
1337 2415 1474 2468 XXI,
1506 2431 1551 2468 p.
1586 2414 1684 2460 189.

984 2733 1241 2779 ELEG1A
1271 2733 1507 2779 XXVIII.

455 2863 637 2909 Versus
668 2863 843 2908 33—34
874 2873 978 2916 post
997 2864 1112 2909 1-2
1143 2866 1516 2917 transponendos
1533 2880 1635 2910 esse
1654 2865 1939 2909 Passeratius
1955 2865 2168 2916 credidit,

455 2959 539 3003 sed
584 2973 725 3003 nemo
771 2959 1003 3003 editorum
1049 2959 1364 3004 recentiorum
1411 2974 1520 3004 eum
1552 2959 1684 3012 sequi
1715 2974 1854 3004 ausus
1885 2967 1954 3004 est
1985 2967 2170 3011 praeter

458 3052 810 3105 Baehrensium,
842 3053 923 3106 qui
955 3061 1110 3098 tamen
1142 3068 1307 3098 versus
1325 3053 1501 3098 33—46
1517 3063 1621 3106 post
1640 3053 1754 3098 1—-2
1772 3068 1950 3105 ponere
1966 3053 2167 3098 volebat.

457 3147 505 3192 Α
550 3163 646 3200 quo
698 3148 910 3192 dissentit
957 3148 1184 3201 Postgate,
1230 3149 1311 3202 qui
1360 3147 1506 3193 3—32
1543 3163 1630 3201 pro
1660 3149 1918 3201 fragmento
1948 3148 2168 3193 carminis

457 3241 612 3294 habet,
630 3242 763 3287 cuius
780 3242 962 3286 initium
979 3242 1124 3287 deest.
1141 3242 1417 3295 Videamus,
1434 3243 1571 3295 igitur
1586 3242 1700 3294 quid
1717 3242 1853 3287 nobis
1868 3242 2167 3287 statuendum

458 3336 687 3381 videatur.

374 3466 406 3512 ¹)
456 3469 611 3510 Recepit
638 3465 812 3511 Postgate
837 3470 875 3504 in
900 3470 1063 3504 editione
1092 3469 1200 3511 189⁴;
1224 3470 1270 3504 cf.
1296 3470 1368 3505 Ov.
1396 3470 1482 3504 Am.
1507 3470 1551 3511 11,
1579 3470 1633 3511 11,
1662 3470 1716 3504 16.
