2566 3886
1133 275 1398 321 —131—

1060 477 1315 524 ELEGIA
1346 478 1482 524 XIX.

368 608 410 654 2.
472 609 567 654 Pro
613 610 786 654 colis
831 610 932 654 sine
963 609 1108 655 dubio
1141 625 1249 654 cum
1282 610 1408 654 Italis
1439 611 1624 655 coles
1655 611 1923 663 requiritur.
1957 610 2187 656 Praesens

472 704 644 749 colis
690 713 795 757 post
839 705 981 749 disc
998 705 1142 750 edis
1188 713 1471 758 magnopere
1517 705 1747 758 legentem
1794 705 2003 751 offendit.
2042 705 2186 758 Quod

472 807 629 844 autem
661 814 825 844 omnes
856 799 1074 845 meliores
1105 800 1293 845 codices
1323 815 1350 844 c
1367 800 1497 844 olis
1528 800 1769 853 praebent,
1802 801 1849 845 id
1866 816 2008 846 nemo
2025 810 2188 847 contra

472 895 695 940 Italorum
742 895 1120 939 emendationem
1152 894 1356 939 adierat:
1389 894 1403 939 i
1435 904 1481 940 et
1512 910 1539 939 e
1571 895 1749 940 litterae
1780 896 2050 949 saepissime
2080 911 2188 941 con-

471 989 746 1035 funduntur.

342 1171 486 1218 16-20.
504 1172 634 1224 Quid
680 1173 738 1218 sit
782 1188 1034 1226 ponere
1080 1183 1233 1219 vota
1279 1171 1352 1232 (v.
1388 1172 1470 1232 18)
1512 1190 1608 1220 non
1656 1175 1718 1220 ita
1762 1176 1898 1221 facile
1945 1177 2073 1221 dictu
2105 1186 2187 1221 est.

472 1267 758 1313 Passeratius
803 1283 927 1322 pon
945 1284 971 1313 e
988 1284 1054 1314 re
1101 1269 1322 1314 dedicare
1367 1270 1696 1323 interpretatus
1743 1281 1826 1323 est,
1875 1272 2188 1318 Marklandus

471 1378 502 1416 p
518 1378 548 1408 o
565 1379 596 1408 n
613 1379 640 1408 e
655 1378 680 1408 r
695 1379 723 1409 e
781 1364 856 1408 hic
906 1379 994 1417 pro
1039 1364 1299 1417 composito
1345 1365 1376 1409 d
1394 1380 1421 1409 e
1438 1380 1469 1418 p
1486 1380 1515 1410 o
1531 1381 1562 1410 n
1580 1381 1607 1410 e
1624 1381 1647 1410 r
1663 1381 1690 1410 e
1735 1366 1949 1411 adhiberi
1995 1368 2188 1420 putavit.

469 1459 741 1512 Antequam
751 1468 957 1504 nostram
973 1459 1251 1504 sententiam
1269 1460 1576 1512 proferamus,
1594 1460 1799 1513 primum
1813 1462 1874 1506 de
1884 1462 2190 1514 sequentibus

470 1554 686 1599 versibus
717 1553 992 1599 videamus:

587 1649 815 1702 Incipiam
847 1659 1034 1703 captare
1064 1651 1188 1696 feras
1218 1660 1265 1696 et
1295 1652 1497 1697 reddere
1529 1651 1643 1704 pinu

704 1759 883 1789 cornua
913 1753 960 1789 et
990 1745 1192 1790 audaces
1224 1746 1323 1798 ipse
1355 1761 1550 1791 monere
1582 1762 1736 1792 canes.

468 1839 523 1884 In
555 1840 645 1884 hoc
678 1839 877 1884 disticho
908 1839 1016 1884 satis
1047 1841 1193 1885 multa
1224 1841 1395 1893 insunt,
1412 1857 1534 1894 quae
1551 1841 1703 1894 primo
1720 1851 1910 1895 aspectu
1927 1842 2180 1888 offendant.

470 1935 783 1980 Baehrensius
827 1935 886 1979 ad
945 1950 971 1979 c
988 1950 1016 1979 a
1035 1950 1066 1987 p
1081 1944 1099 1980 t
1114 1950 1142 1980 a
1158 1951 1181 1979 r
1197 1951 1224 1980 e
1284 1936 1309 1980 f
1316 1951 1343 1980 e
1360 1951 1384 1980 r
1399 1952 1427 1981 a
1443 1951 1464 1981 s
1525 1936 1573 1981 in
1612 1946 1836 1990 apparatu
1880 1938 2043 1983 critico
2075 1953 2186 1984 suae

467 2029 684 2074 editionis
715 2029 830 2074 haec
862 2038 1078 2074 annotat:
1112 2039 1328 2084 „captare
1375 2031 1496 2076 feras
1542 2048 1698 2085 neque
1742 2048 1850 2078 cum
1883 2034 2188 2087 sequentibus

467 2124 656 2169 videtur
700 2125 972 2176 convenire,
1019 2140 1175 2177 neque
1222 2125 1269 2170 in
1317 2126 1448 2171 initio
1492 2137 1740 2180 apparatus
1781 2129 1984 2173 venatici
2028 2129 2186 2174 locum

468 2220 687 2264 habere”.
706 2218 894 2265 Conicit
910 2229 1040 2273 ergo:
1063 2220 1456 2274 incipiamqu
1473 2238 1500 2267 e
1531 2231 1750 2275 aptare
1781 2224 1952 2268 feros
1968 2221 2185 2282 (equos).

467 2313 595 2359 Cum
628 2314 917 2360 Baehrensio
949 2324 1036 2360 stat
1066 2314 1125 2360 C.
1158 2315 1331 2369 wittig‚
1364 2317 1446 2369 qui
1478 2317 1526 2362 in
1565 2333 1651 2363 suo
1697 2318 1856 2364 libello
1902 2318 1979 2363 cui
2025 2318 2186 2364 titulus

467 2409 728 2461 „Kritische
762 2409 1123 2464 Bemerkungen
1156 2427 1219 2456 zu
1249 2411 1488 2465 Properz”
1521 2412 1814 2466 sagacissime
1843 2414 2082 2467 proponit:

616 2504 835 2558 incipiam
859 2505 1196 2558 pharetras
1227 2516 1450 2559 aptare
1482 2517 1539 2552 et
1570 2509 1798 2553 radere
1830 2509 2050 2562 pingui

821 2615 999 2646 cornua
1029 2609 1075 2645 et
1106 2601 1307 2646 audaces
1339 2601 1439 2655 ipse
1470 2617 1666 2647 monere
1697 2617 1853 2648 canes.

468 2694 740 2748 Risbergius
759 2704 922 2740 contra
939 2693 1215 2754 (Emendat.
1232 2704 1279 2741 et
1295 2696 1463 2749 explic.
1481 2712 1526 2749 p.
1546 2695 1747 2755 13—15)
1763 2706 1943 2742 textum
1960 2698 2181 2743 traditum

466 2789 723 2834 defendere
737 2798 930 2835 conatus
943 2799 1026 2835 est.
1042 2791 1088 2835 Is
1102 2807 1179 2836 me
1205 2792 1360 2836 iudice
1392 2793 1637 2845 scrupulos
1669 2792 1942 2838 Baehrensii
1974 2793 2181 2838 sustulit:

467 2892 623 2935 „recte
671 2884 797 2928 enim
860 2900 979 2930 voce
1045 2886 1195 2930 ferae
1257 2886 1588 2940 significantur,
1651 2886 1815 2940 inquit,
1877 2902 1973 2932 non
2030 2888 2181 2932 solum

466 2978 641 3023 bestiae
658 2978 762 3023 illae
778 2994 970 3031 rapaces
1000 2988 1047 3024 et
1077 2979 1285 3032 infestae,
1317 2981 1447 3025 velut
1477 2981 1638 3025 leones
1669 2981 1783 3034 apri,
1815 2982 1899 3026 sed
1930 2982 2007 3026 vel
2029 2981 2182 3026 ville-

466 3070 630 3125 brad,
663 3072 948 3119 Germanice
990 3075 1321 3127 Wildpret,
1352 3083 1404 3120 ut
1435 3074 1528 3119 Ov.
1560 3075 1644 3119 Fa.
1677 3075 1738 3127 11,
1773 3074 1871 3127 163,
1903 3076 1980 3120 vel
2011 3076 2182 3127 peculi-

465 3165 606 3211 ariter
636 3181 737 3211 cer
752 3167 826 3219 vi,
858 3176 909 3212 ut
925 3168 1113 3213 Lucret.
1130 3167 1217 3220 IV,
1248 3166 1350 3220 678,
1381 3178 1426 3213 et
1456 3170 1649 3214 fortasse
1680 3169 1789 3215 Stat.
1820 3170 1993 3214 Achill.
2026 3170 2062 3223 1,
2094 3170 2182 3216 626

466 3268 512 3304 et
558 3259 658 3305 sine
703 3261 799 3305 ullo
845 3261 991 3306 dubio
1039 3263 1130 3307 hoc
1175 3263 1294 3315 loco,
1341 3272 1391 3308 ut
1435 3273 1560 3316 patet
1602 3280 1630 3309 e
1672 3264 1831 3309 verbis
1875 3266 2180 3317 sequentibus

466 3354 743 3399 reddere
788 3355 942 3407 pinu
988 3371 1236 3401 cornua.
1286 3357 1486 3420 Antiqui
1532 3358 1658 3403 enim
1704 3374 1882 3404 cornua
1928 3374 2178 3405 cervorum

467 3448 713 3493 arboribus
734 3449 917 3502 affigere
939 3451 1164 3503 solebant,
1190 3452 1247 3496 cf.
1266 3452 1461 3497 Metam.
1478 3453 1591 3506 XII,
1614 3453 1722 3498 266:
