2566 3886
1127 262 1395 308 —206—

473 394 580 447 Ipse
611 395 735 439 bene
768 394 967 439 conicit:

589 489 993 541 Deiphobumque
1042 489 1381 544 Helenumque
1428 499 1474 535 et
1506 490 1857 542 Polydamanta,
1889 498 1935 534 et
1966 490 2013 534 in
2045 490 2185 535 armis

661 585 1057 637 qualemcumque
1089 584 1247 629 Parim
1280 585 1361 629 vix
1392 599 1475 629 sua
1507 592 1664 629 nosset
1694 585 1880 629 humus.

468 681 597 733 quod
629 680 757 724 hisce
804 679 963 724 verbis
1009 680 1237 732 explicat:
1286 680 1817 732 qualemcumque
1865 679 1922 723 in
1968 679 2184 723 armis:

468 775 699 820 adiective
731 775 843 819 dicit
875 790 999 826 eum,
1032 774 1114 828 qui
1147 783 1428 819 strenuusne
1459 789 1518 818 an
1541 773 1741 818 imbellis
1786 773 1963 826 fuisset,
2009 773 2187 819 nemini

469 870 607 915 etiam
637 878 801 915 notum
832 870 968 915 foret.

468 965 742 1018 Postgatius,
789 980 932 1017 quem
976 974 1163 1010 secutus
1195 973 1264 1009 est
1298 963 1630 1016 Phillimorius,
1664 963 1702 1008 P
1718 978 1747 1008 o
1764 964 1778 1007 l
1795 979 1826 1016 y
1842 964 1873 1007 d
1890 978 1918 1008 a
1933 979 1980 1008 m
1994 978 2021 1008 a
2036 972 2147 1009 nto
2163 979 2185 1008 s

467 1057 599 1118 (vel:
650 1058 1190 1118 Polydamantis)
1237 1060 1300 1104 in
1348 1059 1549 1104 armis
1596 1059 1704 1112 legit
1734 1056 1852 1117 (Sel.
1885 1059 1958 1104 El.
1982 1074 2027 1112 p.
2048 1056 2181 1117 151)z

465 1155 659 1200 Paris
706 1157 845 1201 who
889 1165 997 1201 cut
1042 1172 1069 1201 a
1115 1171 1309 1207 sorry
1359 1155 1595 1208 figure,
1642 1155 1705 1199 in
1752 1155 1862 1199 the
1908 1169 2073 1199 arms
2119 1154 2183 1199 of

465 1250 503 1295 P
522 1265 551 1295 o
569 1251 632 1303 ly
648 1252 678 1295 d
697 1266 724 1295 a
740 1267 786 1295 m
804 1267 831 1296 a
847 1266 888 1304 s;
921 1252 1004 1296 sed
1036 1259 1305 1303 comparato
1339 1250 1485 1295 Hom.
1519 1251 1571 1294 11.
1604 1250 1691 1294 ΙΙΙ.
1723 1248 1840 1294 333:

675 1346 894 1404 δεύτερον
926 1344 987 1390 αὖ
1018 1346 1226 1404 θώρηκα
1255 1348 1364 1403 περὶ
1395 1344 1648 1402 στήθεσσιν
1677 1344 1814 1388 ἔδυνε

677 1442 794 1485 Fo‘l'o
826 1445 1127 1500 κασιγνήτοιο
1159 1440 1421 1495 Λυκάονος,
1452 1439 1635 1498 ἥρμοσε
1666 1437 1707 1483 δ’
1738 1442 1880 1495 αὐτῷ.

463 1537 733 1582 coniectura
775 1553 871 1582 non
915 1538 1017 1582 veri
1049 1537 1209 1582 similis
1240 1536 1441 1588 videtur,
1473 1551 1582 1580 cum
1614 1550 1670 1580 ea
1700 1543 1888 1587 recepta
1917 1535 2177 1588 putandum

463 1632 520 1677 sit
553 1632 852 1684 Propertium
885 1647 1044 1677 rerum
1076 1632 1135 1676 ab
1169 1631 1386 1687 Homero
1417 1631 1667 1676 relatarum
1699 1629 1895 1674 oblitum
1927 1644 2044 1675 esse.

327 1821 398 1867 35.
461 1837 634 1875 meque
666 1822 787 1866 inter
819 1837 947 1867 seros
978 1822 1186 1867 laudabit
1217 1822 1371 1866 Roma
1401 1829 1596 1873 nepotes

460 1917 733 1962 Baehrensii
780 1918 1050 1963 coniectura
1096 1933 1143 1961 m
1158 1933 1183 1962 e
1230 1933 1261 1971 q
1275 1933 1306 1962 u
1320 1932 1349 1962 o
1362 1932 1393 1969 q
1407 1933 1438 1961 u
1455 1931 1482 1961 e
1513 1931 1544 1968 p
1556 1931 1583 1960 e
1595 1931 1620 1960 r
1663 1930 1684 1960 s
1697 1930 1723 1960 e
1737 1930 1761 1960 r
1772 1930 1801 1960 o
1813 1930 1834 1959 s
1881 1923 1968 1960 etc.
2018 1930 2179 1968 super-

462 2028 613 2058 vacua
643 2021 726 2065 est,
758 2013 816 2058 cf.
850 2012 1064 2058 Catullus
1099 2011 1227 2057 1023

577 2108 615 2152 si
648 2108 901 2161 quicquam
934 2108 1072 2152 tacito
1104 2107 1406 2152 commissum
1440 2115 1509 2151 est
1540 2106 1635 2151 fido
1666 2105 1724 2150 ab
1756 2105 1922 2157 amico,

694 2203 830 2248 cuius
861 2203 919 2247 sit
950 2203 1135 2255 penitus
1167 2211 1277 2247 nota
1308 2202 1424 2246 fides
1455 2201 1597 2246 animi

577 2313 749 2350 meque
782 2295 860 2355 (=
891 2312 967 2342 me
999 2295 1216 2355 quoque)
1248 2312 1350 2341 esse
1372 2296 1584 2341 invenies
1606 2296 1792 2340 illorum
1810 2295 1912 2340 iure
1928 2303 2172 2340 sacratum.

457 2393 709 2438 Praeterea
740 2393 1028 2437 conferenda
1059 2401 1179 2444 sunt,
1212 2407 1333 2445 quae
1364 2392 1547 2444 scripsit
1577 2391 1691 2436 Otto
1722 2389 1816 2448 (H.
1849 2389 1906 2434 23
1937 2405 1982 2442 p.
2014 2387 2114 2447 39.)

1069 2651 1325 2697 ELEGIA
1357 2651 1417 2696 ΙΙ.

347 2771 389 2816 3.
406 2771 448 2816 4.
486 2770 682 2824 Orphea
712 2771 966 2816 detinuisse
997 2771 1120 2816 feras
1151 2779 1197 2815 et
1228 2770 1410 2815 concita
1440 2769 1602 2814 dicunt

549 2866 743 2911 flumina
774 2866 993 2911 Threicia
1024 2866 1296 2911 sustinuisse
1328 2866 1442 2918 lyra.

449 2961 496 3006 D
505 2962 621 3006 etin
631 2962 713 3006 uis
722 2977 743 3006 s
752 2977 778 3006 e
795 2977 967 3006 verum
978 2976 1080 3006 esse
1088 2977 1183 3006 non
1192 2969 1344 3014 potest
1351 2968 1543 3013 propter
1554 2974 1575 3004 s
1583 2975 1614 3003 u
1624 2959 1734 3004 stin
1743 2958 1792 3003 ui
1801 2972 1851 3003 ss
1860 2973 1887 3002 e
1903 2957 2167 3011 insequenti

447 3071 615 3101 versu:
658 3056 835 3109 recipio
867 3057 1004 3110 igitur
1034 3055 1301 3108 Ayrmanni
1333 3054 1736 3100 emendationem:
1768 3053 1799 3096 d
1816 3053 2023 3097 elinis
2040 3049 2164 3110 sel).

363 3150 397 3195 ¹)
450 3153 524 3187 Hic
550 3155 655 3188 locus
682 3161 805 3188 tamen
831 3165 905 3188 non
931 3154 1165 3188 adnumerari
1190 3154 1301 3187 debet
1326 3153 1384 3194 iis,
1399 3153 1530 3194 quibus
1545 3151 1816 3191 Neapolitanus
1829 3151 1866 3184 id
1880 3152 1977 3191 quod
1989 3151 2164 3185 traditum

313 3220 393 3246 erat
418 3224 464 3246 ex
489 3214 703 3247 coniectura
730 3214 898 3254 mutavit,
924 3225 1008 3247 nam
1035 3214 1066 3247 si
1094 3213 1306 3252 Propertius
1332 3212 1481 3252 scripsit
1513 3211 1770 3250 delinisse,
1802 3221 1876 3243 non
1907 3210 2164 3249 delenisse,

311 3271 347 3304 N
377 3273 533 3313 vestigia
547 3273 626 3307 veri
642 3273 773 3306 melius
788 3273 951 3307 servavit
973 3284 1082 3313 quam
1098 3272 1178 3313 FV,
1193 3273 1254 3313 qui
1279 3274 1301 3306 d
1314 3284 1334 3306 e
1345 3279 1390 3305 te
1401 3283 1457 3305 nu
1472 3271 1538 3304 iss
1549 3282 1569 3303 e
1595 3270 1741 3309 habent,
1756 3270 1852 3309 quod
1869 3280 2001 3302 moneo
2014 3275 2165 3309 propter

313 3330 573 3365 Housmanum
611 3331 701 3365 JPh.
727 3331 832 3373 XXI,
858 3344 892 3372 p.
920 3331 1006 3366 150:
1040 3333 1128 3365 here
1163 3333 1250 3365 then
1285 3331 1323 3364 N
1358 3332 1423 3364 has
1455 3331 1561 3363 made
1586 3341 1607 3362 a
1633 3329 1702 3362 bad
1727 3334 1885 3368 attempt
1909 3334 1947 3361 st
1971 3328 2166 3369 amending

311 3390 374 3423 the
408 3390 519 3431 slight
552 3392 622 3424 and
649 3391 782 3424 honest
807 3401 913 3425 error
939 3391 983 3425 of
1004 3390 1061 3431 0;
1087 3391 1133 3424 cf.
1159 3390 1271 3424 etiam
1296 3390 1529 3425 verissimam
1555 3387 1854 3423 observationem
1882 3387 2078 3429 Postgstiiz
2104 3387 2166 3421 On

310 3449 454 3483 certain
481 3449 735 3490 Manuseripts
759 3450 803 3484 of
823 3446 867 3484 P.
894 3462 927 3490 p.
952 3449 1009 3484 ⁶8.
