2566 3886
1156 267 1396 313 -218—

465 397 591 442 Nam
654 398 691 442 si
739 413 853 443 nec
898 407 1022 443 tam
1039 413 1066 443 e
1083 414 1113 442 n
1160 407 1247 443 etc.
1279 413 1388 443 cum
1420 412 1561 443 versu
1594 399 1804 443 secundo
1835 398 2174 452 coniungimus‚

461 492 855 546 languidissimam
917 493 1146 537 habemus
1206 492 1508 537 sententiam:
1571 493 1786 546 quisnam
1848 493 1995 538 nescit
2052 494 2175 539 rixas

459 587 714 631 amantium
747 602 989 640 nunquam
1021 588 1243 640 praedam
1275 587 1468 640 afferre;
1500 587 1538 632 si
1571 602 1762 632 versum
1800 587 1989 633 tertium
2021 588 2174 640 primo

460 682 619 727 versui
649 683 956 734 adnectimus,
988 698 1084 727 non
1116 691 1318 728 tamen
1350 691 1689 735 exspectamus,
1722 683 1805 728 sed
1837 682 2013 728 enim.

458 777 642 822 Vitium
674 778 811 831 igitur
840 778 984 822 latere
1015 777 1232 831 suspicati
1264 787 1372 823 sunt
1403 778 1735 824 Lachmannus
1767 793 1798 822 n
1815 792 1892 822 on
1925 786 2031 823 tan
2048 787 2109 823 tu
2126 793 2174 823 m

456 873 666 918 scribens
697 882 743 917 et
775 873 1103 925 Baehrensius,
1135 873 1215 927 qui
1248 889 1279 918 n
1296 889 1325 918 o
1342 889 1373 918 n
1420 875 1555 918 tale
1586 873 1782 926 scripsit.
1815 872 2001 918 Neutra
2016 882 2173 918 tamen

459 968 728 1014 coniectura
758 970 922 1022 placet.
956 969 1085 1021 Quid
1117 967 1291 1022 igitur?
1322 967 1680 1021 transpositione
1697 982 1816 1020 opus
1832 976 1930 1020 est;
1962 968 2029 1013 sic
2045 969 2172 1014 enim

459 1065 616 1109 locum
648 1064 830 1109 scribe:

574 1158 708 1204 Pacis
739 1175 873 1204 amor
904 1160 1021 1204 deus
1052 1168 1149 1212 est;
1182 1175 1347 1213 pacem
1379 1174 1665 1204 veneramur
1695 1167 1933 1204 amantes:

635 1264 703 1299 sat
734 1255 849 1299 mihi
881 1271 989 1299 cum
1022 1255 1214 1300 domina
1245 1255 1422 1307 proelia
1453 1255 1572 1299 dura
1602 1270 1720 1299 mea.

576 1365 664 1395 nec
695 1350 809 1394 mihi
840 1350 967 1395 mille
998 1350 1114 1403 iugis
1145 1349 1407 1402 Campania
1436 1350 1619 1403 pinguis
1649 1358 1818 1402 aratur,

632 1460 720 1490 nec
752 1445 869 1489 bibit
900 1460 927 1490 e
959 1454 1142 1498 gemma
1173 1445 1320 1490 divite
1351 1453 1510 1490 nostra
1541 1445 1667 1490 sitis:

574 1555 662 1585 nec
694 1549 850 1591 tamen
883 1541 1035 1586 inviso
1066 1549 1230 1594 pectus
1261 1541 1374 1585 mihi
1407 1540 1613 1593 carpitur
1644 1555 1774 1593 auro,

634 1651 722 1680 nec
754 1636 897 1681 mixta
927 1651 1036 1681 aera
1066 1650 1180 1688 paro
1211 1635 1358 1688 clade,
1391 1635 1636 1687 Corinthe,
1668 1643 1759 1680 tua.

455 1826 597 1871 Hanc
643 1827 961 1871 coniecturam
1009 1841 1162 1871 meam
1195 1841 1297 1870 esse
1329 1825 1564 1878 putabam,
1597 1826 1680 1870 sed
1711 1826 1840 1870 hisce
1872 1825 2039 1871 diebus
2069 1825 2169 1870 vidi

456 1936 560 1966 eam
577 1921 668 1965 iam
686 1921 745 1965 ab
769 1920 1052 1966 Housmano
1080 1921 1364 1974 propositam
1397 1936 1513 1966 esse.
1547 1921 1644 1966 Hic
1676 1936 1932 1966 concursus
1963 1922 2169 1967 duorum

455 2016 700 2061 hominum
732 2026 899 2069 sponte
930 2017 1056 2062 idem
1089 2017 1430 2062 invenientium
1462 2017 1577 2061 mihi
1608 2017 1783 2070 aliquid
1807 2017 1966 2062 valere
1982 2017 2171 2062 videtur

455 2112 514 2155 ad
546 2111 687 2156 fidem
719 2111 994 2156 faciendam.
1027 2110 1173 2156 Nunc
1205 2111 1319 2164 quid
1351 2120 1489 2164 poeta
1518 2112 1654 2164 dicat,
1681 2112 1852 2164 cuique
1868 2112 2169 2165 perspicuum

455 2207 567 2251 erit:
586 2222 779 2260 „pacem
796 2215 1004 2251 amantes
1019 2221 1333 2259 veneramur;
1360 2206 1482 2251 bella
1504 2206 1719 2260 odimus;
1751 2222 1872 2260 quae
1888 2222 1996 2252 cum
2016 2207 2171 2260 puella

455 2301 671 2354 gerimus,
704 2301 965 2354 sufficiunt;
998 2317 1107 2346 nam
1146 2317 1432 2356 quamquam
1465 2317 1646 2354 pauper
1677 2318 1795 2354 sum,
1827 2317 1983 2356 neque
1999 2317 2167 2347 aurum

453 2397 685 2449 desidero,
718 2411 874 2449 neque
906 2397 1149 2442 thesauros
1180 2411 1345 2449 parare
1376 2398 1531 2442 volo’'.

381 2619 392 2630 .
454 2586 563 2631 Nec
594 2586 737 2631 miser
766 2601 875 2631 aera
905 2602 1019 2640 paro
1050 2587 1196 2641 clade,
1230 2586 1474 2639 Corinthe,
1506 2596 1586 2632 tua

453 2680 629 2733 Neque
661 2681 944 2726 vocabulum
977 2682 1094 2726 mis
1113 2698 1140 2727 e
1156 2698 1193 2735 r,
1226 2683 1340 2736 quid
1373 2683 1610 2736 significet,
1642 2691 1848 2737 apparet,
1867 2697 2023 2736 neque
2045 2682 2167 2727 abla-

451 2777 576 2821 tivus
607 2792 633 2821 c
650 2777 664 2821 1
681 2792 708 2821 a
724 2778 754 2822 d
772 2792 799 2822 e
841 2786 859 2821 t
875 2793 906 2822 u
924 2793 951 2822 a
980 2779 1255 2831 perspicuus
1287 2788 1369 2824 est.
1388 2779 1659 2833 Utrumque
1677 2779 2030 2824 incommodum
2048 2778 2166 2823 tollit

455 2871 728 2916 Ruhnkenii
774 2873 1045 2918 coniectura
1090 2889 1118 2918 a
1164 2874 1451 2919 Baehrensio
1498 2875 1599 2919 iure
1637 2882 1852 2927 recepta:

453 2982 541 3012 nec
573 2967 762 3012 mixta
792 2982 901 3012 aera
931 2983 1045 3021 paro
1076 2970 1223 3022 clade,
1256 2968 1502 3022 Corinthe,
1535 2978 1627 3015 tua.

377 3190 388 3201 .
450 3157 527 3202 ille
559 3172 724 3209 parum
755 3166 890 3203 caute
921 3159 1123 3212 pectoris
1155 3159 1247 3212 egit
1277 3174 1409 3212 opus.

450 3253 612 3306 utique
643 3268 751 3298 cum
786 3253 910 3298 Italis
941 3254 1245 3299 scribendum
1278 3263 1376 3299 est:

451 3348 528 3392 ille
559 3362 725 3400 pamm
757 3348 879 3393 cauti
911 3348 1112 3401 pectoris
1143 3349 1234 3402 egit
1264 3364 1396 3403 opus.
