<?xml version="1.0" encoding="UTF-8"?>
<!DOCTYPE html PUBLIC "-//W3C//DTD XHTML 1.0 Transitional//EN"
    "http://www.w3.org/TR/xhtml1/DTD/xhtml1-transitional.dtd">
<html xmlns="http://www.w3.org/1999/xhtml" xml:lang="en" lang="en">
 <head>
  <title>
</title>
<meta http-equiv="Content-Type" content="text/html;charset=utf-8" />
  <meta name='ocr-system' content='tesseract 3.04.00' />
  <meta name='ocr-capabilities' content='ocr_page ocr_carea ocr_par ocr_line ocrx_word'/>
</head>
<body>
  <div class='ocr_page' id='page_1' title='image "./adpropertiicarmi00enkpuoft_0074.png"; bbox 0 0 2566 3886; ppageno 0'>
   <div class='ocr_carea' id='block_1_1' title="bbox 314 1165 382 1210">
    <p class='ocr_par' dir='ltr' id='par_1_1' title="bbox 314 1165 382 1210">
     <span class='ocr_line' id='line_1_1' title="bbox 314 1165 382 1210; baseline -0.015 0"><span class='ocrx_word' id='word_1_1' title='bbox 314 1165 382 1210; x_wconf 91' lang='grc'><strong>15.</strong></span> 
     </span>
    </p>
   </div>
   <div class='ocr_carea' id='block_1_2' title="bbox 312 1451 381 1496">
    <p class='ocr_par' dir='ltr' id='par_1_2' title="bbox 312 1451 381 1496">
     <span class='ocr_line' id='line_1_2' title="bbox 312 1451 381 1496; baseline -0.014 0"><span class='ocrx_word' id='word_1_2' title='bbox 312 1451 381 1496; x_wconf 93' lang='grc'><strong>17.</strong></span> 
     </span>
    </p>
   </div>
   <div class='ocr_carea' id='block_1_3' title="bbox 1121 271 1357 317">
    <p class='ocr_par' dir='ltr' id='par_1_3' title="bbox 1121 271 1357 317">
     <span class='ocr_line' id='line_1_3' title="bbox 1121 271 1357 317; baseline 0 -14"><span class='ocrx_word' id='word_1_3' title='bbox 1121 271 1357 317; x_wconf 60' lang='grc'>,58-</span> 
     </span>
    </p>
   </div>
   <div class='ocr_carea' id='block_1_4' title="bbox 446 402 2164 932">
    <p class='ocr_par' dir='ltr' id='par_1_4' title="bbox 446 402 2164 932">
     <span class='ocr_line' id='line_1_4' title="bbox 448 402 2162 462; baseline 0.002 -15"><span class='ocrx_word' id='word_1_4' title='bbox 448 403 495 447; x_wconf 94' lang='lat' dir='ltr'><strong>in</strong></span> <span class='ocrx_word' id='word_1_5' title='bbox 527 402 752 447; x_wconf 89' lang='lat' dir='ltr'><strong>crimin</strong></span> <span class='ocrx_word' id='word_1_6' title='bbox 767 417 794 447; x_wconf 91' lang='lat' dir='ltr'><strong>a</strong></span> <span class='ocrx_word' id='word_1_7' title='bbox 825 411 1004 447; x_wconf 86' lang='lat' dir='ltr'><strong>mutant</strong></span> <span class='ocrx_word' id='word_1_8' title='bbox 1035 411 1249 447; x_wconf 88' lang='lat' dir='ltr'><strong>servatur</strong></span> <span class='ocrx_word' id='word_1_9' title='bbox 1269 411 1409 454; x_wconf 87' lang='lat' dir='ltr'><strong>atque</strong></span> <span class='ocrx_word' id='word_1_10' title='bbox 1441 402 1710 448; x_wconf 90' lang='lat' dir='ltr'><strong>defenditur</strong></span> <span class='ocrx_word' id='word_1_11' title='bbox 1740 418 1768 448; x_wconf 90' lang='lat' dir='ltr'><strong>a</strong></span> <span class='ocrx_word' id='word_1_12' title='bbox 1789 402 2024 456; x_wconf 87' lang='lat' dir='ltr'><strong>Tyrrellio</strong></span> <span class='ocrx_word' id='word_1_13' title='bbox 2040 402 2162 462; x_wconf 86' lang='lat' dir='ltr'><strong>(Ha.</strong></span> 
     </span>
     <span class='ocr_line' id='line_1_5' title="bbox 448 495 2161 555; baseline 0.001 -13"><span class='ocrx_word' id='word_1_14' title='bbox 448 498 535 550; x_wconf 82' lang='grc' dir='ltr'><strong>ΙΙΙ,</strong></span> <span class='ocrx_word' id='word_1_15' title='bbox 567 513 611 550; x_wconf 95' lang='lat' dir='ltr'><strong>p.</strong></span> <span class='ocrx_word' id='word_1_16' title='bbox 647 495 758 555; x_wconf 89' lang='lat'>118)</span> <span class='ocrx_word' id='word_1_17' title='bbox 791 497 1087 543; x_wconf 89' lang='lat' dir='ltr'><strong>Rothsteinio</strong></span> <span class='ocrx_word' id='word_1_18' title='bbox 1121 497 1426 542; x_wconf 88' lang='lat' dir='ltr'><strong>Phillimorio.</strong></span> <span class='ocrx_word' id='word_1_19' title='bbox 1459 496 1506 542; x_wconf 92' lang='lat' dir='ltr'><strong>Si</strong></span> <span class='ocrx_word' id='word_1_20' title='bbox 1542 507 1697 543; x_wconf 91' lang='lat' dir='ltr'><strong>tamen</strong></span> <span class='ocrx_word' id='word_1_21' title='bbox 1730 499 1923 552; x_wconf 76' lang='lat' dir='ltr'><strong>elegiam</strong></span> <span class='ocrx_word' id='word_1_22' title='bbox 1956 507 2161 544; x_wconf 90' lang='lat' dir='ltr'><strong>nostram</strong></span> 
     </span>
     <span class='ocr_line' id='line_1_6' title="bbox 446 592 2162 647; baseline 0.002 -10"><span class='ocrx_word' id='word_1_23' title='bbox 446 601 619 638; x_wconf 88' lang='lat' dir='ltr'><strong>attente</strong></span> <span class='ocrx_word' id='word_1_24' title='bbox 662 592 958 646; x_wconf 77' lang='lat' dir='ltr'><strong>perlegimus,</strong></span> <span class='ocrx_word' id='word_1_25' title='bbox 1002 593 1220 638; x_wconf 89' lang='lat' dir='ltr'><strong>videmus</strong></span> <span class='ocrx_word' id='word_1_26' title='bbox 1257 600 1442 646; x_wconf 89' lang='lat' dir='ltr'><strong>poetam</strong></span> <span class='ocrx_word' id='word_1_27' title='bbox 1474 593 1555 646; x_wconf 91' lang='lat' dir='ltr'><strong>qui</strong></span> <span class='ocrx_word' id='word_1_28' title='bbox 1587 608 1682 639; x_wconf 91' lang='lat' dir='ltr'><strong>non</strong></span> <span class='ocrx_word' id='word_1_29' title='bbox 1716 594 1989 647; x_wconf 76' lang='lat' dir='ltr'><strong>intelligens,</strong></span> <span class='ocrx_word' id='word_1_30' title='bbox 2021 609 2162 647; x_wconf 91' lang='lat' dir='ltr'><strong>quam</strong></span> 
     </span>
     <span class='ocr_line' id='line_1_7' title="bbox 446 687 2164 742; baseline 0.001 -9"><span class='ocrx_word' id='word_1_31' title='bbox 446 688 509 733; x_wconf 94' lang='lat' dir='ltr'><strong>ob</strong></span> <span class='ocrx_word' id='word_1_32' title='bbox 525 703 712 733; x_wconf 90' lang='lat' dir='ltr'><strong>causam</strong></span> <span class='ocrx_word' id='word_1_33' title='bbox 737 687 945 740; x_wconf 88' lang='lat' dir='ltr'><strong>Cynthia</strong></span> <span class='ocrx_word' id='word_1_34' title='bbox 972 688 1060 733; x_wconf 91' lang='lat' dir='ltr'><strong>sibi</strong></span> <span class='ocrx_word' id='word_1_35' title='bbox 1091 687 1257 742; x_wconf 78' lang='lat' dir='ltr'><strong>frigida</strong></span> <span class='ocrx_word' id='word_1_36' title='bbox 1287 688 1345 733; x_wconf 90' lang='lat' dir='ltr'><strong>sit</strong></span> <span class='ocrx_word' id='word_1_37' title='bbox 1376 688 1507 733; x_wconf 90' lang='lat' dir='ltr'><strong>initio</strong></span> <span class='ocrx_word' id='word_1_38' title='bbox 1538 703 1704 734; x_wconf 87' lang='lat' dir='ltr'><strong>versus</strong></span> <span class='ocrx_word' id='word_1_39' title='bbox 1735 689 1983 734; x_wconf 82' lang='lat' dir='ltr'><strong>exclamet:</strong></span> <span class='ocrx_word' id='word_1_40' title='bbox 2014 704 2046 742; x_wconf 93' lang='lat' dir='ltr'><strong>q</strong></span> <span class='ocrx_word' id='word_1_41' title='bbox 2060 689 2118 735; x_wconf 94' lang='lat' dir='ltr'><strong>ui</strong></span> <span class='ocrx_word' id='word_1_42' title='bbox 2133 690 2164 735; x_wconf 96' lang='lat' dir='ltr'><strong>d</strong></span> 
     </span>
     <span class='ocr_line' id='line_1_8' title="bbox 447 783 2163 837; baseline 0.001 -9"><span class='ocrx_word' id='word_1_43' title='bbox 447 792 675 829; x_wconf 88' lang='lat' dir='ltr'><strong>tantum</strong></span> <span class='ocrx_word' id='word_1_44' title='bbox 720 783 918 828; x_wconf 91' lang='lat' dir='ltr'><strong>merui</strong></span> <span class='ocrx_word' id='word_1_45' title='bbox 967 798 1017 828; x_wconf 90' lang='lat' dir='ltr'><strong>se</strong></span> <span class='ocrx_word' id='word_1_46' title='bbox 1060 783 1318 828; x_wconf 88' lang='lat' dir='ltr'><strong>defendere</strong></span> <span class='ocrx_word' id='word_1_47' title='bbox 1365 784 1579 837; x_wconf 82' lang='lat' dir='ltr'><strong>negando</strong></span> <span class='ocrx_word' id='word_1_48' title='bbox 1626 783 1762 828; x_wconf 91' lang='lat' dir='ltr'><strong>aliam</strong></span> <span class='ocrx_word' id='word_1_49' title='bbox 1809 798 1837 828; x_wconf 88' lang='lat' dir='ltr'><strong>a</strong></span> <span class='ocrx_word' id='word_1_50' title='bbox 1879 799 1929 829; x_wconf 90' lang='lat' dir='ltr'><strong>se</strong></span> <span class='ocrx_word' id='word_1_51' title='bbox 1960 784 2163 837; x_wconf 80' lang='lat' dir='ltr'><strong>puellam</strong></span> 
     </span>
     <span class='ocr_line' id='line_1_9' title="bbox 446 878 2164 932; baseline 0.001 -9"><span class='ocrx_word' id='word_1_52' title='bbox 446 878 682 931; x_wconf 84' lang='lat' dir='ltr'><strong>Cynthiae</strong></span> <span class='ocrx_word' id='word_1_53' title='bbox 713 879 966 932; x_wconf 87' lang='lat' dir='ltr'><strong>praelatam</strong></span> <span class='ocrx_word' id='word_1_54' title='bbox 998 894 1100 923; x_wconf 91' lang='lat' dir='ltr'><strong>esse</strong></span> <span class='ocrx_word' id='word_1_55' title='bbox 1132 879 1209 923; x_wconf 90' lang='lat' dir='ltr'><strong>vel</strong></span> <span class='ocrx_word' id='word_1_56' title='bbox 1242 894 1450 932; x_wconf 88' lang='lat' dir='ltr'><strong>unquam</strong></span> <span class='ocrx_word' id='word_1_57' title='bbox 1483 879 1740 931; x_wconf 88' lang='lat' dir='ltr'><strong>praelatum</strong></span> <span class='ocrx_word' id='word_1_58' title='bbox 1772 878 1853 924; x_wconf 87' lang='lat' dir='ltr'><strong>iri:</strong></span> <span class='ocrx_word' id='word_1_59' title='bbox 1898 879 1956 924; x_wconf 86' lang='lat' dir='ltr'><strong>cf.</strong></span> <span class='ocrx_word' id='word_1_60' title='bbox 1989 894 2058 924; x_wconf 90' lang='lat' dir='ltr'><strong>vs.</strong></span> <span class='ocrx_word' id='word_1_61' title='bbox 2094 878 2164 931; x_wconf 89' lang='lat'><strong>10,</strong></span> 
     </span>
    </p>
   </div>
   <div class='ocr_carea' id='block_1_5' title="bbox 448 973 2163 1028">
    <p class='ocr_par' dir='ltr' id='par_1_5' title="bbox 448 973 2163 1028">
     <span class='ocr_line' id='line_1_10' title="bbox 448 973 2163 1028; baseline 0.001 -9"><span class='ocrx_word' id='word_1_62' title='bbox 448 974 517 1019; x_wconf 90' lang='lat'><strong>17.</strong></span> <span class='ocrx_word' id='word_1_63' title='bbox 541 974 617 1019; x_wconf 91' lang='lat' dir='ltr'><strong>De</strong></span> <span class='ocrx_word' id='word_1_64' title='bbox 633 973 919 1019; x_wconf 88' lang='lat' dir='ltr'><strong>carminibus</strong></span> <span class='ocrx_word' id='word_1_65' title='bbox 937 974 1125 1028; x_wconf 75' lang='lat' dir='ltr'><strong>magicis</strong></span> <span class='ocrx_word' id='word_1_66' title='bbox 1142 989 1375 1028; x_wconf 90' lang='lat' dir='ltr'><strong>nusquam</strong></span> <span class='ocrx_word' id='word_1_67' title='bbox 1394 975 1647 1028; x_wconf 90' lang='lat' dir='ltr'><strong>quicquam</strong></span> <span class='ocrx_word' id='word_1_68' title='bbox 1666 974 1712 1020; x_wconf 93' lang='lat' dir='ltr'><strong>in</strong></span> <span class='ocrx_word' id='word_1_69' title='bbox 1726 975 1935 1020; x_wconf 85' lang='lat' dir='ltr'><strong>carmine</strong></span> <span class='ocrx_word' id='word_1_70' title='bbox 1953 975 2163 1028; x_wconf 75' lang='lat' dir='ltr'><strong>legimus-</strong></span> 
     </span>
    </p>
   </div>
   <div class='ocr_carea' id='block_1_6' title="bbox 446 1164 2166 1218">
    <p class='ocr_par' dir='ltr' id='par_1_6' title="bbox 446 1164 2166 1218">
     <span class='ocr_line' id='line_1_11' title="bbox 446 1164 2166 1218; baseline 0 -8"><span class='ocrx_word' id='word_1_71' title='bbox 446 1164 691 1210; x_wconf 88' lang='lat' dir='ltr'><strong>Flendo</strong></span> <span class='ocrx_word' id='word_1_72' title='bbox 738 1164 860 1210; x_wconf 91' lang='lat' dir='ltr'><strong>bene</strong></span> <span class='ocrx_word' id='word_1_73' title='bbox 906 1173 1069 1210; x_wconf 91' lang='lat' dir='ltr'><strong>contra</strong></span> <span class='ocrx_word' id='word_1_74' title='bbox 1116 1165 1454 1211; x_wconf 86' lang='lat' dir='ltr'><strong>Baehrensium</strong></span> <span class='ocrx_word' id='word_1_75' title='bbox 1486 1166 1568 1218; x_wconf 92' lang='lat' dir='ltr'><strong>qui</strong></span> <span class='ocrx_word' id='word_1_76' title='bbox 1600 1180 1708 1218; x_wconf 92' lang='lat' dir='ltr'><strong>per</strong></span> <span class='ocrx_word' id='word_1_77' title='bbox 1740 1180 1826 1210; x_wconf 92' lang='lat' dir='ltr'><strong>me</strong></span> <span class='ocrx_word' id='word_1_78' title='bbox 1858 1165 2057 1210; x_wconf 91' lang='lat' dir='ltr'><strong>coniecit</strong></span> <span class='ocrx_word' id='word_1_79' title='bbox 2087 1165 2166 1210; x_wconf 93' lang='lat' dir='ltr'><strong>de-</strong></span> 
     </span>
    </p>
   </div>
   <div class='ocr_carea' id='block_1_7' title="bbox 444 1260 963 1306">
    <p class='ocr_par' dir='ltr' id='par_1_7' title="bbox 444 1260 963 1306">
     <span class='ocr_line' id='line_1_12' title="bbox 444 1260 963 1306; baseline -0.002 0"><span class='ocrx_word' id='word_1_80' title='bbox 444 1260 592 1306; x_wconf 70' lang='lat' dir='ltr'><strong>fendit</strong></span> <span class='ocrx_word' id='word_1_81' title='bbox 625 1260 963 1306; x_wconf 88' lang='lat' dir='ltr'><strong>Rothsteinius.</strong></span> 
     </span>
    </p>
   </div>
   <div class='ocr_carea' id='block_1_8' title="bbox 440 1448 2165 1600">
    <p class='ocr_par' dir='ltr' id='par_1_8' title="bbox 440 1448 2165 1600">
     <span class='ocr_line' id='line_1_13' title="bbox 444 1448 2165 1508; baseline -0.001 -12"><span class='ocrx_word' id='word_1_82' title='bbox 444 1448 630 1508; x_wconf 57' lang='lat' dir='ltr'><strong>Sigfna</strong></span> <span class='ocrx_word' id='word_1_83' title='bbox 678 1459 914 1496; x_wconf 89' lang='lat' dir='ltr'><strong>mutato</strong></span> <span class='ocrx_word' id='word_1_84' title='bbox 960 1451 1177 1496; x_wconf 94' lang='lat' dir='ltr'><strong>colore</strong></span> <span class='ocrx_word' id='word_1_85' title='bbox 1223 1466 1251 1496; x_wconf 93' lang='lat' dir='ltr'><strong>a</strong></span> <span class='ocrx_word' id='word_1_86' title='bbox 1298 1451 1595 1497; x_wconf 92' lang='lat' dir='ltr'><strong>Rothsteinio</strong></span> <span class='ocrx_word' id='word_1_87' title='bbox 1626 1451 1910 1505; x_wconf 86' lang='lat' dir='ltr'><strong>explicatur:</strong></span> <span class='ocrx_word' id='word_1_88' title='bbox 1944 1450 2165 1503; x_wconf 89' lang='lat' dir='ltr'><strong>„Liebes-</strong></span> 
     </span>
     <span class='ocr_line' id='line_1_14' title="bbox 440 1545 2163 1600; baseline 0 -9"><span class='ocrx_word' id='word_1_89' title='bbox 440 1546 654 1598; x_wconf 90' lang='lat' dir='ltr'><strong>zeichen,</strong></span> <span class='ocrx_word' id='word_1_90' title='bbox 698 1546 775 1591; x_wconf 92' lang='lat' dir='ltr'><strong>die</strong></span> <span class='ocrx_word' id='word_1_91' title='bbox 808 1547 855 1591; x_wconf 92' lang='lat' dir='ltr'><strong>in</strong></span> <span class='ocrx_word' id='word_1_92' title='bbox 888 1547 974 1592; x_wconf 91' lang='lat' dir='ltr'><strong>der</strong></span> <span class='ocrx_word' id='word_1_93' title='bbox 1005 1546 1353 1600; x_wconf 67' lang='lat' dir='ltr'><strong>Verfinderung</strong></span> <span class='ocrx_word' id='word_1_94' title='bbox 1384 1547 1470 1592; x_wconf 93' lang='lat' dir='ltr'><strong>der</strong></span> <span class='ocrx_word' id='word_1_95' title='bbox 1506 1545 1861 1591; x_wconf 86' lang='lat' dir='ltr'><strong>Gesichtsfarbe</strong></span> <span class='ocrx_word' id='word_1_96' title='bbox 1893 1546 2163 1591; x_wconf 89' lang='lat' dir='ltr'><strong>bestehen&#39;’.</strong></span> 
     </span>
    </p>
   </div>
   <div class='ocr_carea' id='block_1_9' title="bbox 445 1641 2160 1789">
    <p class='ocr_par' dir='ltr' id='par_1_9' title="bbox 445 1641 2160 1789">
     <span class='ocr_line' id='line_1_15' title="bbox 445 1641 2160 1694; baseline 0 -8"><span class='ocrx_word' id='word_1_97' title='bbox 445 1641 626 1694; x_wconf 86' lang='lat' dir='ltr'><strong>Utique</strong></span> <span class='ocrx_word' id='word_1_98' title='bbox 672 1641 974 1687; x_wconf 89' lang='lat' dir='ltr'><strong>scribendum</strong></span> <span class='ocrx_word' id='word_1_99' title='bbox 1022 1649 1092 1686; x_wconf 89' lang='lat' dir='ltr'><strong>est</strong></span> <span class='ocrx_word' id='word_1_100' title='bbox 1134 1642 1358 1693; x_wconf 91' lang='lat' dir='ltr'><strong>calore,</strong></span> <span class='ocrx_word' id='word_1_101' title='bbox 1391 1641 1448 1686; x_wconf 78' lang='lat' dir='ltr'><strong>cf.</strong></span> <span class='ocrx_word' id='word_1_102' title='bbox 1482 1649 1688 1686; x_wconf 90' lang='lat' dir='ltr'><strong>nostram</strong></span> <span class='ocrx_word' id='word_1_103' title='bbox 1721 1641 2068 1686; x_wconf 89' lang='lat' dir='ltr'><strong>adnotationem</strong></span> <span class='ocrx_word' id='word_1_104' title='bbox 2100 1642 2160 1686; x_wconf 90' lang='lat' dir='ltr'><strong>ad</strong></span> 
     </span>
     <span class='ocr_line' id='line_1_16' title="bbox 447 1735 693 1789; baseline 0 -8"><span class='ocrx_word' id='word_1_105' title='bbox 447 1737 484 1789; x_wconf 88' lang='grc' dir='ltr'><strong>Ι,</strong></span> <span class='ocrx_word' id='word_1_106' title='bbox 519 1735 589 1788; x_wconf 88' lang='grc'><strong>10,</strong></span> <span class='ocrx_word' id='word_1_107' title='bbox 624 1735 693 1781; x_wconf 90' lang='grc'><strong>13.</strong></span> 
     </span>
    </p>
   </div>
   <div class='ocr_carea' id='block_1_10' title="bbox 312 1926 1365 1982">
    <p class='ocr_par' dir='ltr' id='par_1_10' title="bbox 312 1926 1365 1982">
     <span class='ocr_line' id='line_1_17' title="bbox 312 1926 1365 1982; baseline 0 -10"><span class='ocrx_word' id='word_1_108' title='bbox 312 1927 383 1973; x_wconf 90' lang='grc'><strong>20.</strong></span> <span class='ocrx_word' id='word_1_109' title='bbox 444 1928 575 1982; x_wconf 74' lang='lat' dir='ltr'><strong>fagus</strong></span> <span class='ocrx_word' id='word_1_110' title='bbox 607 1936 653 1973; x_wconf 93' lang='lat' dir='ltr'><strong>et</strong></span> <span class='ocrx_word' id='word_1_111' title='bbox 683 1927 893 1972; x_wconf 87' lang='lat' dir='ltr'><strong>Arcadio</strong></span> <span class='ocrx_word' id='word_1_112' title='bbox 924 1927 1062 1981; x_wconf 85' lang='lat' dir='ltr'><strong>pinus</strong></span> <span class='ocrx_word' id='word_1_113' title='bbox 1094 1926 1243 1972; x_wconf 90' lang='lat' dir='ltr'><strong>amica</strong></span> <span class='ocrx_word' id='word_1_114' title='bbox 1273 1928 1365 1972; x_wconf 92' lang='lat' dir='ltr'><strong>deo</strong></span> 
     </span>
    </p>
   </div>
   <div class='ocr_carea' id='block_1_11' title="bbox 313 2405 384 2450">
    <p class='ocr_par' dir='ltr' id='par_1_11' title="bbox 313 2405 384 2450">
     <span class='ocr_line' id='line_1_18' title="bbox 313 2405 384 2450; baseline -0.014 0"><span class='ocrx_word' id='word_1_115' title='bbox 313 2405 384 2450; x_wconf 88' lang='lat'><strong>21.</strong></span> 
     </span>
    </p>
   </div>
   <div class='ocr_carea' id='block_1_12' title="bbox 445 2021 2162 2173">
    <p class='ocr_par' dir='ltr' id='par_1_12' title="bbox 445 2021 2162 2173">
     <span class='ocr_line' id='line_1_19' title="bbox 445 2021 2162 2076; baseline -0.001 -8"><span class='ocrx_word' id='word_1_116' title='bbox 445 2023 641 2068; x_wconf 87' lang='lat' dir='ltr'><strong>amica</strong></span> <span class='ocrx_word' id='word_1_117' title='bbox 697 2022 747 2068; x_wconf 94' lang='lat' dir='ltr'>N</span> <span class='ocrx_word' id='word_1_118' title='bbox 765 2023 892 2075; x_wconf 85' lang='lat' dir='ltr'><strong>AF;</strong></span> <span class='ocrx_word' id='word_1_119' title='bbox 949 2031 1146 2067; x_wconf 90' lang='lat' dir='ltr'><strong>amata</strong></span> <span class='ocrx_word' id='word_1_120' title='bbox 1203 2023 1328 2075; x_wconf 89' lang='lat' dir='ltr'><strong>DV,</strong></span> <span class='ocrx_word' id='word_1_121' title='bbox 1386 2023 1515 2076; x_wconf 93' lang='lat' dir='ltr'><strong>quod</strong></span> <span class='ocrx_word' id='word_1_122' title='bbox 1573 2021 1885 2067; x_wconf 88' lang='lat' dir='ltr'><strong>Baehrensius</strong></span> <span class='ocrx_word' id='word_1_123' title='bbox 1945 2022 2162 2075; x_wconf 86' lang='lat' dir='ltr'><strong>praefert.</strong></span> 
     </span>
     <span class='ocr_line' id='line_1_20' title="bbox 445 2117 2162 2173; baseline -0.001 -9"><span class='ocrx_word' id='word_1_124' title='bbox 445 2119 716 2173; x_wconf 88' lang='lat' dir='ltr'><strong>Utrumque</strong></span> <span class='ocrx_word' id='word_1_125' title='bbox 762 2118 951 2163; x_wconf 72' lang='lat' dir='ltr'><strong>defendi</strong></span> <span class='ocrx_word' id='word_1_126' title='bbox 992 2126 1157 2170; x_wconf 90' lang='lat' dir='ltr'><strong>potest,</strong></span> <span class='ocrx_word' id='word_1_127' title='bbox 1200 2118 1283 2163; x_wconf 92' lang='lat' dir='ltr'><strong>sed</strong></span> <span class='ocrx_word' id='word_1_128' title='bbox 1316 2117 1616 2171; x_wconf 89' lang='lat' dir='ltr'><strong>Neapolitani</strong></span> <span class='ocrx_word' id='word_1_129' title='bbox 1648 2117 1785 2163; x_wconf 90' lang='lat' dir='ltr'><strong>lectio</strong></span> <span class='ocrx_word' id='word_1_130' title='bbox 1817 2132 1931 2162; x_wconf 90' lang='lat' dir='ltr'><strong>vera</strong></span> <span class='ocrx_word' id='word_1_131' title='bbox 1961 2117 2162 2170; x_wconf 87' lang='lat' dir='ltr'><strong>videtur,</strong></span> 
     </span>
    </p>
   </div>
   <div class='ocr_carea' id='block_1_13' title="bbox 446 2213 1156 2259">
    <p class='ocr_par' dir='ltr' id='par_1_13' title="bbox 446 2213 1156 2259">
     <span class='ocr_line' id='line_1_21' title="bbox 446 2213 1156 2259; baseline -0.001 0"><span class='ocrx_word' id='word_1_132' title='bbox 446 2229 554 2259; x_wconf 91' lang='lat' dir='ltr'><strong>cum</strong></span> <span class='ocrx_word' id='word_1_133' title='bbox 601 2229 628 2258; x_wconf 87' lang='lat' dir='ltr'><strong>a</strong></span> <span class='ocrx_word' id='word_1_134' title='bbox 641 2229 688 2259; x_wconf 90' lang='lat' dir='ltr'><strong>m</strong></span> <span class='ocrx_word' id='word_1_135' title='bbox 702 2228 730 2258; x_wconf 91' lang='lat' dir='ltr'><strong>a</strong></span> <span class='ocrx_word' id='word_1_136' title='bbox 742 2222 760 2258; x_wconf 93' lang='lat' dir='ltr'><strong>t</strong></span> <span class='ocrx_word' id='word_1_137' title='bbox 772 2229 799 2258; x_wconf 90' lang='lat' dir='ltr'><strong>a</strong></span> <span class='ocrx_word' id='word_1_138' title='bbox 844 2213 1053 2259; x_wconf 87' lang='lat' dir='ltr'><strong>usitatius</strong></span> <span class='ocrx_word' id='word_1_139' title='bbox 1086 2213 1156 2258; x_wconf 89' lang='lat' dir='ltr'><strong>sit.</strong></span> 
     </span>
    </p>
   </div>
   <div class='ocr_carea' id='block_1_14' title="bbox 444 2402 2163 3316">
    <p class='ocr_par' dir='ltr' id='par_1_14' title="bbox 446 2402 1859 2459">
     <span class='ocr_line' id='line_1_22' title="bbox 446 2402 1859 2459; baseline -0.001 -9"><span class='ocrx_word' id='word_1_140' title='bbox 446 2421 474 2450; x_wconf 87' lang='lat' dir='ltr'><strong>a</strong></span> <span class='ocrx_word' id='word_1_141' title='bbox 505 2404 723 2459; x_wconf 90' lang='lat' dir='ltr'><strong>quotiens</strong></span> <span class='ocrx_word' id='word_1_142' title='bbox 754 2413 939 2449; x_wconf 89' lang='lat' dir='ltr'><strong>teneras</strong></span> <span class='ocrx_word' id='word_1_143' title='bbox 970 2411 1190 2448; x_wconf 88' lang='lat' dir='ltr'><strong>resonant</strong></span> <span class='ocrx_word' id='word_1_144' title='bbox 1222 2418 1325 2448; x_wconf 87' lang='lat' dir='ltr'><strong>mea</strong></span> <span class='ocrx_word' id='word_1_145' title='bbox 1357 2402 1504 2448; x_wconf 91' lang='lat' dir='ltr'><strong>verba</strong></span> <span class='ocrx_word' id='word_1_146' title='bbox 1535 2403 1623 2449; x_wconf 91' lang='lat' dir='ltr'><strong>sub</strong></span> <span class='ocrx_word' id='word_1_147' title='bbox 1654 2403 1859 2456; x_wconf 48' lang='lat' dir='ltr'><strong>umbras</strong></span> 
     </span>
    </p>

    <p class='ocr_par' dir='ltr' id='par_1_15' title="bbox 444 2497 2163 2837">
     <span class='ocr_line' id='line_1_23' title="bbox 563 2497 1599 2550; baseline -0.003 -5"><span class='ocrx_word' id='word_1_148' title='bbox 563 2499 781 2545; x_wconf 87' lang='lat' dir='ltr'><strong>scribitur</strong></span> <span class='ocrx_word' id='word_1_149' title='bbox 811 2507 857 2543; x_wconf 92' lang='lat' dir='ltr'><strong>et</strong></span> <span class='ocrx_word' id='word_1_150' title='bbox 887 2498 1054 2543; x_wconf 88' lang='lat' dir='ltr'><strong>vestris</strong></span> <span class='ocrx_word' id='word_1_151' title='bbox 1086 2497 1293 2550; x_wconf 88' lang='lat' dir='ltr'><strong>Cynthia</strong></span> <span class='ocrx_word' id='word_1_152' title='bbox 1324 2498 1599 2543; x_wconf 87' lang='lat' dir='ltr'><strong>corticibus!</strong></span> 
     </span>
     <span class='ocr_line' id='line_1_24' title="bbox 444 2593 2163 2647; baseline -0.001 -6"><span class='ocrx_word' id='word_1_153' title='bbox 444 2596 603 2641; x_wconf 90' lang='lat' dir='ltr'><strong>Versu</strong></span> <span class='ocrx_word' id='word_1_154' title='bbox 614 2595 840 2641; x_wconf 89' lang='lat' dir='ltr'><strong>vicesimo</strong></span> <span class='ocrx_word' id='word_1_155' title='bbox 857 2594 1024 2647; x_wconf 91' lang='lat' dir='ltr'><strong>primo,</strong></span> <span class='ocrx_word' id='word_1_156' title='bbox 1041 2593 1079 2638; x_wconf 93' lang='lat' dir='ltr'><strong>si</strong></span> <span class='ocrx_word' id='word_1_157' title='bbox 1098 2593 1391 2639; x_wconf 90' lang='lat' dir='ltr'><strong>Rothsteinio</strong></span> <span class='ocrx_word' id='word_1_158' title='bbox 1408 2594 1658 2646; x_wconf 89' lang='lat' dir='ltr'><strong>credimus,</strong></span> <span class='ocrx_word' id='word_1_159' title='bbox 1691 2610 1721 2639; x_wconf 94' lang='lat' dir='ltr'><strong>u</strong></span> <span class='ocrx_word' id='word_1_160' title='bbox 1735 2610 1782 2638; x_wconf 92' lang='lat' dir='ltr'><strong>m</strong></span> <span class='ocrx_word' id='word_1_161' title='bbox 1798 2594 1828 2639; x_wconf 95' lang='lat' dir='ltr'><strong>b</strong></span> <span class='ocrx_word' id='word_1_162' title='bbox 1842 2610 1865 2638; x_wconf 92' lang='lat' dir='ltr'><strong>r</strong></span> <span class='ocrx_word' id='word_1_163' title='bbox 1878 2609 1905 2639; x_wconf 89' lang='lat' dir='ltr'><strong>a</strong></span> <span class='ocrx_word' id='word_1_164' title='bbox 1922 2610 1949 2639; x_wconf 95' lang='lat' dir='ltr'><strong>e</strong></span> <span class='ocrx_word' id='word_1_165' title='bbox 1981 2595 2048 2640; x_wconf 75' lang='lat' dir='ltr'><strong>fo</strong></span> <span class='ocrx_word' id='word_1_166' title='bbox 2066 2595 2081 2639; x_wconf 94' lang='lat' dir='ltr'><strong>l</strong></span> <span class='ocrx_word' id='word_1_167' title='bbox 2099 2596 2116 2640; x_wconf 93' lang='lat' dir='ltr'><strong>i</strong></span> <span class='ocrx_word' id='word_1_168' title='bbox 2134 2610 2163 2640; x_wconf 89' lang='lat' dir='ltr'><strong>a</strong></span> 
     </span>
     <span class='ocr_line' id='line_1_25' title="bbox 444 2688 2161 2751; baseline -0.001 -14"><span class='ocrx_word' id='word_1_169' title='bbox 444 2691 768 2745; x_wconf 90' lang='lat' dir='ltr'><strong>intepretanda</strong></span> <span class='ocrx_word' id='word_1_170' title='bbox 798 2698 918 2742; x_wconf 88' lang='lat' dir='ltr'><strong>sunt,</strong></span> <span class='ocrx_word' id='word_1_171' title='bbox 946 2704 1087 2743; x_wconf 89' lang='lat' dir='ltr'><strong>quam</strong></span> <span class='ocrx_word' id='word_1_172' title='bbox 1104 2688 1375 2741; x_wconf 91' lang='lat' dir='ltr'><strong>opinionem</strong></span> <span class='ocrx_word' id='word_1_173' title='bbox 1393 2689 1648 2751; x_wconf 77' lang='lat' dir='ltr'><strong>defendere</strong></span> <span class='ocrx_word' id='word_1_174' title='bbox 1665 2698 1860 2734; x_wconf 89' lang='lat' dir='ltr'><strong>conatur</strong></span> <span class='ocrx_word' id='word_1_175' title='bbox 1876 2689 2004 2735; x_wconf 91' lang='lat' dir='ltr'><strong>hisce</strong></span> <span class='ocrx_word' id='word_1_176' title='bbox 2021 2690 2161 2735; x_wconf 89' lang='lat' dir='ltr'><strong>locis:</strong></span> 
     </span>
     <span class='ocr_line' id='line_1_26' title="bbox 445 2784 785 2837; baseline -0.006 -5"><span class='ocrx_word' id='word_1_177' title='bbox 445 2786 552 2832; x_wconf 92' lang='lat' dir='ltr'><strong>Tib.</strong></span> <span class='ocrx_word' id='word_1_178' title='bbox 586 2787 632 2831; x_wconf 96' lang='lat' dir='ltr'><strong>II</strong></span> <span class='ocrx_word' id='word_1_179' title='bbox 664 2784 785 2837; x_wconf 86' lang='lat'><strong>5,95:</strong></span> 
     </span>
    </p>

    <p class='ocr_par' dir='ltr' id='par_1_16' title="bbox 563 2879 1792 2934">
     <span class='ocr_line' id='line_1_27' title="bbox 563 2879 1792 2934; baseline -0.003 -7"><span class='ocrx_word' id='word_1_180' title='bbox 563 2881 701 2927; x_wconf 92' lang='lat' dir='ltr'><strong>Tunc</strong></span> <span class='ocrx_word' id='word_1_181' title='bbox 731 2888 922 2934; x_wconf 89' lang='lat' dir='ltr'><strong>operata</strong></span> <span class='ocrx_word' id='word_1_182' title='bbox 952 2879 1043 2924; x_wconf 93' lang='lat' dir='ltr'><strong>deo</strong></span> <span class='ocrx_word' id='word_1_183' title='bbox 1075 2879 1224 2932; x_wconf 92' lang='lat' dir='ltr'><strong>pubes</strong></span> <span class='ocrx_word' id='word_1_184' title='bbox 1257 2879 1522 2924; x_wconf 91' lang='lat' dir='ltr'><strong>discumbet</strong></span> <span class='ocrx_word' id='word_1_185' title='bbox 1553 2879 1598 2923; x_wconf 92' lang='lat' dir='ltr'><strong>in</strong></span> <span class='ocrx_word' id='word_1_186' title='bbox 1632 2879 1792 2932; x_wconf 86' lang='lat' dir='ltr'><strong>herba,</strong></span> 
     </span>
    </p>

    <p class='ocr_par' dir='ltr' id='par_1_17' title="bbox 680 2974 1845 3028">
     <span class='ocr_line' id='line_1_28' title="bbox 680 2974 1845 3028; baseline -0.002 -7"><span class='ocrx_word' id='word_1_187' title='bbox 680 2975 861 3021; x_wconf 90' lang='lat' dir='ltr'><strong>arboris</strong></span> <span class='ocrx_word' id='word_1_188' title='bbox 891 2974 1109 3028; x_wconf 86' lang='lat' dir='ltr'><strong>antiquae</strong></span> <span class='ocrx_word' id='word_1_189' title='bbox 1141 2989 1234 3028; x_wconf 86' lang='lat' dir='ltr'><strong>qua</strong></span> <span class='ocrx_word' id='word_1_190' title='bbox 1265 2974 1430 3019; x_wconf 89' lang='lat' dir='ltr'><strong>levis</strong></span> <span class='ocrx_word' id='word_1_191' title='bbox 1461 2974 1678 3019; x_wconf 88' lang='lat' dir='ltr'><strong>umbra</strong></span> <span class='ocrx_word' id='word_1_192' title='bbox 1708 2975 1845 3020; x_wconf 88' lang='lat' dir='ltr'><strong>cadit.</strong></span> 
     </span>
    </p>

    <p class='ocr_par' dir='ltr' id='par_1_18' title="bbox 446 3069 2161 3316">
     <span class='ocr_line' id='line_1_29' title="bbox 446 3069 2003 3123; baseline -0.002 -6"><span class='ocrx_word' id='word_1_193' title='bbox 446 3072 540 3118; x_wconf 92' lang='lat' dir='ltr'><strong>Ov.</strong></span> <span class='ocrx_word' id='word_1_194' title='bbox 573 3080 681 3117; x_wconf 88' lang='lat' dir='ltr'><strong>met.</strong></span> <span class='ocrx_word' id='word_1_195' title='bbox 712 3071 761 3115; x_wconf 94' lang='lat' dir='ltr'><strong>V</strong></span> <span class='ocrx_word' id='word_1_196' title='bbox 793 3069 902 3115; x_wconf 86' lang='lat'><strong>336:</strong></span> <span class='ocrx_word' id='word_1_197' title='bbox 935 3070 1237 3123; x_wconf 90' lang='lat' dir='ltr'><strong>nemorisque</strong></span> <span class='ocrx_word' id='word_1_198' title='bbox 1268 3070 1326 3114; x_wconf 93' lang='lat' dir='ltr'><strong>le</strong></span> <span class='ocrx_word' id='word_1_199' title='bbox 1344 3069 1406 3114; x_wconf 93' lang='lat' dir='ltr'><strong>vi</strong></span> <span class='ocrx_word' id='word_1_200' title='bbox 1438 3070 1650 3115; x_wconf 91' lang='lat' dir='ltr'><strong>consedit</strong></span> <span class='ocrx_word' id='word_1_201' title='bbox 1681 3070 1728 3115; x_wconf 91' lang='lat' dir='ltr'><strong>in</strong></span> <span class='ocrx_word' id='word_1_202' title='bbox 1760 3086 1791 3115; x_wconf 94' lang='lat' dir='ltr'><strong>u</strong></span> <span class='ocrx_word' id='word_1_203' title='bbox 1810 3086 1856 3115; x_wconf 91' lang='lat' dir='ltr'><strong>m</strong></span> <span class='ocrx_word' id='word_1_204' title='bbox 1876 3070 1906 3115; x_wconf 93' lang='lat' dir='ltr'><strong>b</strong></span> <span class='ocrx_word' id='word_1_205' title='bbox 1924 3085 2003 3122; x_wconf 90' lang='lat' dir='ltr'><strong>ra,</strong></span> 
     </span>
     <span class='ocr_line' id='line_1_30' title="bbox 446 3165 2161 3219; baseline -0.002 -6"><span class='ocrx_word' id='word_1_206' title='bbox 446 3168 526 3214; x_wconf 92' lang='lat' dir='ltr'><strong>ubi</strong></span> <span class='ocrx_word' id='word_1_207' title='bbox 573 3167 621 3212; x_wconf 93' lang='lat' dir='ltr'><strong>in</strong></span> <span class='ocrx_word' id='word_1_208' title='bbox 668 3166 873 3212; x_wconf 90' lang='lat' dir='ltr'><strong>editione</strong></span> <span class='ocrx_word' id='word_1_209' title='bbox 934 3166 1424 3219; x_wconf 88' lang='lat' dir='ltr'><strong>Haupt-Ehwaldiana</strong></span> <span class='ocrx_word' id='word_1_210' title='bbox 1481 3175 1637 3211; x_wconf 87' lang='lat' dir='ltr'><strong>tamen</strong></span> <span class='ocrx_word' id='word_1_211' title='bbox 1693 3174 1820 3211; x_wconf 90' lang='lat' dir='ltr'><strong>recte</strong></span> <span class='ocrx_word' id='word_1_212' title='bbox 1875 3165 2161 3218; x_wconf 85' lang='lat' dir='ltr'><strong>explicatur:</strong></span> 
     </span>
     <span class='ocr_line' id='line_1_31' title="bbox 448 3259 2161 3316; baseline -0.001 -9"><span class='ocrx_word' id='word_1_213' title='bbox 448 3264 530 3316; x_wconf 90' lang='lat' dir='ltr'><strong>„le</strong></span> <span class='ocrx_word' id='word_1_214' title='bbox 545 3262 659 3307; x_wconf 88' lang='lat' dir='ltr'><strong>vis:</strong></span> <span class='ocrx_word' id='word_1_215' title='bbox 691 3261 833 3306; x_wconf 92' lang='lat' dir='ltr'><strong>leicht</strong></span> <span class='ocrx_word' id='word_1_216' title='bbox 863 3262 961 3306; x_wconf 92' lang='lat' dir='ltr'><strong>und</strong></span> <span class='ocrx_word' id='word_1_217' title='bbox 993 3262 1196 3314; x_wconf 81' lang='lat' dir='ltr'><strong>gelinde:</strong></span> <span class='ocrx_word' id='word_1_218' title='bbox 1214 3276 1266 3306; x_wconf 89' lang='lat' dir='ltr'><strong>so</strong></span> <span class='ocrx_word' id='word_1_219' title='bbox 1283 3261 1426 3306; x_wconf 90' lang='lat' dir='ltr'><strong>heisst</strong></span> <span class='ocrx_word' id='word_1_220' title='bbox 1447 3262 1533 3306; x_wconf 91' lang='lat' dir='ltr'><strong>der</strong></span> <span class='ocrx_word' id='word_1_221' title='bbox 1550 3259 1767 3306; x_wconf 89' lang='lat' dir='ltr'><strong>Schatten</strong></span> <span class='ocrx_word' id='word_1_222' title='bbox 1785 3261 1848 3306; x_wconf 92' lang='lat' dir='ltr'><strong>im</strong></span> <span class='ocrx_word' id='word_1_223' title='bbox 1867 3260 2161 3314; x_wconf 75' lang='lat' dir='ltr'><strong>Gegensatze</strong></span> 
     </span>
    </p>
   </div>
   <div class='ocr_carea' id='block_1_15' title="bbox 444 3356 1372 3507">
    <p class='ocr_par' dir='ltr' id='par_1_19' title="bbox 444 3356 1372 3507">
     <span class='ocr_line' id='line_1_32' title="bbox 446 3356 1372 3404; baseline -0.003 -1"><span class='ocrx_word' id='word_1_224' title='bbox 446 3358 576 3404; x_wconf 89' lang='lat' dir='ltr'><strong>eines</strong></span> <span class='ocrx_word' id='word_1_225' title='bbox 605 3373 668 3402; x_wconf 90' lang='lat' dir='ltr'><strong>zu</strong></span> <span class='ocrx_word' id='word_1_226' title='bbox 700 3357 922 3401; x_wconf 85' lang='lat' dir='ltr'><strong>diisteren</strong></span> <span class='ocrx_word' id='word_1_227' title='bbox 953 3357 1051 3402; x_wconf 93' lang='lat' dir='ltr'><strong>und</strong></span> <span class='ocrx_word' id='word_1_228' title='bbox 1083 3356 1372 3401; x_wconf 88' lang='lat' dir='ltr'><strong>schweren”.</strong></span> 
     </span>
     <span class='ocr_line' id='line_1_33' title="bbox 444 3451 870 3507; baseline -0.002 -10"><span class='ocrx_word' id='word_1_229' title='bbox 444 3453 588 3507; x_wconf 76' lang='lat' dir='ltr'><strong>Verg.</strong></span> <span class='ocrx_word' id='word_1_230' title='bbox 622 3453 710 3497; x_wconf 90' lang='lat' dir='ltr'><strong>ecl.</strong></span> <span class='ocrx_word' id='word_1_231' title='bbox 742 3451 791 3496; x_wconf 90' lang='lat' dir='ltr'>V</span> <span class='ocrx_word' id='word_1_232' title='bbox 822 3451 870 3496; x_wconf 82' lang='lat'><strong>5:</strong></span> 
     </span>
    </p>
   </div>
  </div>
 </body>
</html>
