2566 3886
1152 244 1419 290 —110—

364 378 434 422 45.
498 378 572 422 De
620 378 709 421 hoc
755 376 860 420 loco
891 375 1135 420 Vahlenus
1182 384 1227 419 et
1276 375 1608 428 Rothsteinius,
1645 392 1757 421 num
1790 386 1915 422 recte
1948 379 2206 430 iudicarint,

497 474 804 518 vehementer
835 471 1011 516 dubito.

496 568 570 613 Sic
603 568 710 622 legit
742 566 1106 619 Neapolitanus:

496 678 604 708 nam
636 678 731 717 quo
763 672 856 707 tam
890 662 1061 707 dubiae
1092 669 1305 706 servetur
1336 660 1524 714 spiritus
1555 659 1738 704 horae?

614 757 831 803 Nestoris
863 766 932 802 est
966 756 1094 801 visus
1125 764 1230 809 post
1261 755 1347 800 tria
1380 756 1531 800 saecla
1561 755 1701 806 cinis;

497 853 601 907 quis
633 862 726 897 tam
758 853 1012 906 longaevae
1044 851 1287 896 minuisset
1317 851 1408 895 fata
1438 859 1654 895 senectae

615 948 825 994 Gallicus
869 947 1021 993 Iliacis
1065 947 1197 992 miles
1237 947 1283 991 in
1316 945 1583 1000 aggeribus!

498 1060 594 1090 non
627 1045 704 1089 ille
722 1042 763 1102 ¹)
794 1043 1036 1089 Antilochi
1067 1043 1261 1088 vidisset
1291 1057 1461 1094 corpus
1493 1041 1692 1094 humari,

616 1141 794 1185 diceret
824 1148 902 1184 aut
934 1138 1009 1191 „O
1043 1153 1183 1190 mors,
1215 1154 1300 1183 cur
1331 1138 1445 1182 mihi
1477 1152 1581 1181 sera
1612 1136 1746 1181 venis
1757 1135 1811 1179 ?”

497 1237 684 1282 Vahlen
728 1243 966 1287 comparat
999 1232 1313 1290 (Monatsber.
1356 1234 1400 1277 d.
1434 1232 1553 1277 Kon.
1588 1231 1773 1276 Preuss.
1805 1230 1962 1275 Akad.
1995 1230 2040 1273 d.
2073 1229 2212 1274 Wiss.

494 1348 555 1377 zu
589 1331 746 1376 Berlin
782 1329 891 1375 1881
927 1345 971 1382 p.
1004 1327 1150 1385 351.):
1182 1329 1325 1381 Verg.
1356 1328 1481 1373 Aen.
1513 1327 1625 1379 XII,
1653 1325 1739 1371 883

1028 1423 1073 1468 O
1106 1438 1226 1477 quae
1258 1423 1365 1468 satis
1397 1423 1487 1467 alta
1517 1421 1725 1467 dehiscat

495 1522 645 1567 Terra
676 1520 790 1565 mihi
822 1519 1065 1572 manisque
1096 1519 1234 1563 deam
1266 1517 1476 1563 demittat
1507 1517 1565 1561 ad
1598 1517 1716 1561 imos
1733 1515 1759 1560 P

495 1627 566 1662 et:
598 1616 770 1668 Attius,
803 1615 1075 1666 Philocteta,
1107 1611 1310 1671 (Ribb.2,
1342 1612 1478 1665 Trag.
1513 1612 1651 1657 Rom.
1681 1611 1738 1655 fr.
1771 1627 1815 1664 p.
1847 1609 1975 1668 209).

649 1711 762 1756 Heu
794 1711 899 1763 quis
931 1709 1060 1754 salsis
1096 1708 1312 1754 fluctibus
1344 1709 1533 1752 mandet

648 1807 734 1851 Me
766 1821 825 1851 ex
857 1805 1058 1850 sublimo
1089 1804 1267 1849 vertice
1299 1803 1430 1848 saxi?

496 1903 684 1948 Deinde
716 1903 782 1947 sic
811 1901 1097 1947 Germanice
1128 1899 1293 1944 vertit:
1327 1899 1481 1951 „hatte
1513 1898 1636 1942 doch
1667 1897 1744 1942 ein
1776 1873 2030 1942 Troischer
2056 1896 2215 1942 Soldat

497 1999 606 2043 dem
639 1997 817 2042 Nestor
848 1997 931 2041 das
964 1994 1175 2040 Geschik
1208 1995 1291 2039 des
1322 1992 1612 2046 langlebigen
1640 1992 1801 2037 Alters
1831 1992 2071 2045 gekiirzt.'’

495 2092 586 2138 Sed
618 2094 735 2137 haec
766 2092 982 2144 exempla
1013 2099 1058 2136 et
1089 2099 1248 2135 noster
1275 2090 1405 2134 locus
1422 2102 1613 2141 prorsus
1629 2087 1752 2132 inter
1767 2102 1817 2132 se
1833 2086 2066 2132 differunt.
2085 2085 2213 2131 Nam

495 2198 707 2240 tempore
748 2186 979 2239 praesenti
1023 2185 1199 2239 rogatio
1242 2185 1365 2230 bene
1403 2199 1454 2229 se
1490 2183 1659 2236 habet;
1696 2183 1872 2235 optime
1919 2181 2214 2235 intelligimus

498 2292 625 2328 recte
657 2282 775 2327 dici:
808 2297 929 2334 quae
961 2290 1084 2326 terra
1105 2280 1212 2325 satis
1232 2280 1346 2324 mihi
1372 2279 1594 2331 dehiscat,
1617 2279 1645 2323 i.
1664 2293 1704 2323 e.
1722 2278 1931 2323 dehiscat
1946 2276 2061 2322 mihi
2076 2285 2213 2322 terra.

498 2377 589 2423 Sed
621 2378 659 2422 si
691 2386 850 2422 nostro
881 2378 986 2421 loco
1028 2393 1059 2430 q
1075 2376 1178 2421 uis
1216 2375 1343 2419 min
1360 2391 1391 2420 u
1409 2376 1461 2420 is
1478 2390 1500 2419 s
1517 2381 1577 2418 et
1613 2372 1908 2427 interpretari
1924 2371 2213 2423 conabimur,

496 2474 663 2517 frustra
706 2487 880 2517 sumus.
926 2472 1034 2524 Ipse
1065 2472 1311 2517 Vahlenus
1342 2471 1525 2524 linguae
1557 2471 1909 2521 litterarumque
1942 2467 2213 2512 Latinarum

496 2567 802 2620 peritissimus
839 2568 1019 2613 nullum
1072 2567 1341 2619 exemplum
1394 2567 1454 2611 ad
1500 2564 2009 2619 plusquamperfectum
2056 2562 2214 2607 defen-

496 2664 704 2708 dendum
737 2663 879 2707 citare
910 2663 1073 2716 potuit,
1105 2678 1212 2707 nam
1244 2671 1378 2707 caute
1410 2661 1641 2715 loquitur:
1674 2660 1789 2713 „ist
1820 2674 1885 2704 es
1920 2655 2214 2703 'undenk-

496 2758 526 2801 b
544 2773 622 2809 ar,
670 2758 775 2802 dass
812 2758 933 2802 auch
964 2772 1060 2802 von
1092 2757 1178 2801 der
1207 2756 1588 2810 Vergangenkeit
1619 2755 1696 2800 die
1728 2753 2001 2807 Frageform
2049 2753 2095 2804 Q
2113 2752 2214 2797 uis

496 2853 622 2897 min
641 2853 856 2898 uisset
901 2853 995 2898 den
1027 2851 1140 2897 Sinn
1173 2853 1257 2898 des
1288 2852 1554 2898 Wunsches
1585 2851 1754 2905 gehabt
1784 2850 1904 2895 habe
1920 2848 1976 2894 ?”

498 2947 627 2999 Quid
660 2947 834 3001 igitur?
866 2947 1155 2993 Scribamus:

619 3043 694 3088 cui
726 3043 763 3088 si
797 3046 918 3095 [tam]
951 3043 1204 3096 longaevae
1236 3042 1478 3087 minuisset
1509 3042 1599 3086 tata
1630 3048 1846 3086 senectae

622 3143 660 3183 -l-
698 3137 908 3183 Gallicus
940 3138 1091 3183 Iliacis
1123 3138 1256 3183 miles
1288 3138 1335 3182 in
1367 3137 1623 3191 aggeribus,

616 3247 711 3277 non
744 3233 820 3277 ille
851 3232 1093 3278 Antilochi
1124 3232 1315 3278 vidisset
1347 3246 1519 3284 corpus
1550 3230 1748 3276 humari.

414 3363 438 3407 ¹)
489 3366 600 3406 „ille”
639 3366 779 3399 omittit
819 3365 870 3405 N,
908 3376 1016 3405 quam
1055 3365 1102 3399 ob
1142 3374 1220 3398 rem
1253 3364 1296 3398 L.
1323 3363 1485 3398 Mueller
1510 3363 1690 3403 probante
1717 3361 1938 3396 Housmano
1975 3357 2077 3404 (JPh.
2105 3360 2209 3402 XXI,

395 3461 404 3470 .
435 3434 538 3478 114)2
565 3448 638 3470 non
665 3433 758 3479 (aut)
784 3436 978 3470 Antilochi
1004 3446 1081 3476 eqo.
