2566 3886
326 1058 394 1104 10.

1133 254 1367 301 —94-

456 387 655 433 Achillis
673 388 905 440 exemplo,
920 388 999 441 qui
1014 387 1172 432 omnia
1185 388 1436 434 formosam
1454 398 1646 442 propter
1658 390 1868 436 Briseida
1881 407 2042 446 passus
2056 394 2168 439 est”.

458 482 789 535 Supervacuae
846 482 982 536 igitur
1028 484 1411 535 transpositiones
1459 485 1626 537 partim
1674 486 2008 532 audacissimae
2055 503 2171 542 quas

457 579 669 623 Lindner
699 575 964 636 (Jahnsche
993 578 1156 623 Jahrb.
1191 578 1320 631 1864,
1353 594 1396 632 p.
1430 577 1557 638 838),
1590 581 1869 627 Kiihlewein
1901 579 2171 640 (Festgruss

455 676 483 719 f.
529 675 614 719 Dr.
661 674 726 719 H.
773 674 1071 728 Heerwagen
1103 689 1147 727 p.
1180 672 1249 732 6),
1282 674 1396 719 Otto
1442 673 1563 733 (Die
1594 676 2063 731 Versumstellungen
2095 677 2170 723 bei

457 771 667 822 Properz
700 770 721 814 Ι
754 784 799 822 p.
816 766 885 826 9),
918 769 1158 814 Baehrens
1189 767 1263 827 (in
1295 784 1379 814 sua
1409 769 1628 823 editione,
1661 771 1757 815 vid.
1789 780 2061 824 apparatum
2087 772 2172 817 cri-

453 866 597 911 ticum
630 851 688 909 ad
719 864 913 918 elegiam
946 862 1193 922 nostram),
1213 864 1312 909 Birt
1325 862 1505 922 (RhM.
1524 864 1595 917 38,
1613 880 1657 918 p.
1675 863 1788 923 208)
1812 876 2170 920 proposuerunt.

456 1068 502 1104 et
533 1058 728 1103 Thebae
760 1065 995 1109 steterant,
1028 1057 1211 1110 altaque
1243 1054 1387 1100 Troia
1416 1055 1503 1101 fuit

456 1152 975 1206 Plusquamperfectum
1020 1166 1128 1196 cum
1173 1165 1259 1203 pro
1303 1151 1526 1204 perfecto,
1560 1151 1688 1204 quod
1721 1151 1795 1195 hic
1828 1160 2167 1204 exspectamus,

455 1247 667 1293 adhiberi
715 1262 810 1292 non
854 1246 1012 1300 possit,
1050 1261 1158 1291 cum
1192 1245 1424 1299 Scaligero
1456 1254 1779 1291 steterunt
1810 1246 2167 1300 corrigendum3

457 1345 586 1389 idem
619 1342 784 1387 vitium
817 1342 1020 1387 occurrit
1053 1341 1138 1393 ΙΙΙ,
1171 1340 1242 1393 24,
1275 1340 1358 1393 203
1392 1340 1478 1392 IV,
1512 1340 1553 1392 7,
1589 1340 1657 1385 15.

324 1536 481 1589 13,14.
522 1535 632 1580 Hoc
664 1534 896 1579 distichon
931 1533 1214 1586 Hertzberg,
1247 1547 1388 1586 quem
1423 1532 1630 1577 Mueller
1661 1540 1706 1576 et
1738 1532 1987 1577 Rothstein
2020 1533 2167 1578 secuti

326 2487 397 2532 31.

323 3056 394 3102 37.

456 1640 577 1682 sunt,
610 1646 718 1675 cum
750 1628 963 1683 sequenti
996 1629 1058 1673 ita
1088 1627 1351 1680 coniungit:

609 1734 720 1778 ergo
751 1725 843 1769 iam
876 1725 1046 1768 multos
1078 1723 1275 1767 nimium
1307 1721 1583 1766 temerarius
1614 1736 1761 1766 annos

726 1819 956 1873 improba,
988 1818 1068 1872 qui
1100 1817 1287 1863 tulerim
1320 1826 1461 1870 teque
1493 1825 1715 1870 tuamque
1747 1817 1956 1869 domum,

609 1915 918 1969 ecquandone
950 1914 1032 1959 tibi
1063 1913 1183 1958 liber
1213 1928 1317 1958 sum
1349 1911 1517 1957 visus?
1827 1884 1832 1889 ἱ

457 2010 549 2056 Sed
582 2011 684 2055 iure
715 2025 800 2055 suo
829 2010 974 2061 Paley
993 2009 1042 2053 in
1074 2023 1157 2054 sua
1187 2007 1393 2053 editione
1425 2023 1469 2061 p.
1487 2006 1545 2052 68
1577 2015 1711 2060 negat
1742 2016 1887 2060 ergo
1919 2022 2171 2061 ecquan-

457 2108 617 2151 done
648 2113 776 2150 recte
808 2104 1040 2157 coniungi.

456 2201 674 2247 Verbum
733 2216 759 2245 e
776 2215 800 2244 r
815 2215 843 2245 a
858 2216 905 2244 m
949 2199 1082 2244 facile
1129 2198 1335 2252 suppleri
1382 2212 1519 2251 posse
1562 2197 1685 2247 bene
1731 2197 1950 2242 observat
1998 2197 2172 2242 Brandt

454 2295 794 2355 (Quaestiones
827 2294 1159 2347 Propertianae
1191 2309 1235 2346 p.
1268 2291 1366 2351 23).

462 2486 637 2532 Iniuria
683 2485 930 2530 Passeratii
979 2483 1384 2529 emendationem:
1431 2484 1571 2535 fuga
1609 2490 1844 2526 stratos
1876 2496 1963 2533 pro
1994 2481 2172 2534 fugas

455 2590 695 2627 tractos
742 2588 970 2633 spernunt
1009 2580 1228 2630 editores,
1259 2587 1445 2632 praeter
1477 2576 1841 2622 Baehrensium:
1874 2590 2039 2621 versus
2072 2575 2172 2620 Ho-

456 2676 618 2721 merici
651 2676 710 2720 ab
761 2673 1055 2720 Rothsteinio
1102 2673 1223 2718 allati
1271 2672 1387 2717 nihil
1434 2673 1493 2717 ad
1541 2686 1656 2716 rem.
1705 2671 1851 2723 Apud
1900 2670 2172 2715 Homerum

456 2774 612 2829 ἐρύειν
627 2767 867 2828 (trahere)
899 2770 958 2814 de
992 2769 1207 2814 Patroclo
1239 2776 1425 2814 mortuo
1457 2767 1580 2812 bene
1611 2782 1661 2811 se
1697 2766 1850 2818 habet,
1888 2774 2047 2810 nostro
2068 2765 2173 2810 loco

457 2867 517 2911 de
549 2865 749 2910 Achivis
781 2865 946 2918 fugatis
978 2879 1134 2911 sermo
1166 2873 1248 2909 est.

456 3066 501 3102 at
531 3066 777 3111 postquam
812 3070 916 3101 sera
946 3054 1129 3108 captiva
1159 3063 1229 3100 est
1259 3053 1442 3098 reddita
1471 3066 1624 3106 poena

457 3166 579 3196 sera
610 3151 684 3204 N;
714 3166 869 3196 sacra
892 3150 1002 3202 DV,
1020 3150 1148 3204 quod
1166 3148 1478 3194 Baehrensius
1495 3162 1627 3192 more
1644 3160 1729 3191 suo
1745 3158 1913 3190 verum
1930 3142 2071 3194 ducit,
2089 3142 2172 3187 sed

458 3261 580 3291 sera
596 3246 672 3291 hic
689 3246 915 3299 aptiorem
933 3259 1034 3290 esse
1051 3244 1250 3299 quisque
1264 3243 1406 3289 videt.
1420 3243 1553 3287 Idem
1566 3241 1731 3287 vitium
1743 3238 1946 3284 occurrit
1958 3237 2018 3282 ΙΙ.
2031 3236 2103 3289 34,
2114 3235 2172 3281 25

729 3341 951 3393 Lynceus
982 3340 1082 3392 ipse
1114 3354 1247 3384 meus
1279 3353 1408 3384 seros
1439 3337 1609 3382 insanit
1640 3349 1838 3386 amores,

459 3435 539 3480 ubi
573 3434 618 3480 O
643 3434 817 3480 habent
840 3449 1069 3480 sacros.
1108 3434 1166 3479 cf.
1201 3433 1404 3479 Housm.
1436 3432 1554 3478 JPh.
1585 3430 1722 3482 XXI,
1754 3443 1799 3480 D·
1834 3426 1918 3472 129
1949 3442 2017 3480 Sq-
