2566 3886
1178 248 1444 293 —354--

384 377 455 423 29.
488 378 559 423 30.
621 379 659 423 si
690 378 765 423 cui
797 379 918 423 fama
948 379 1035 424 fuit
1065 394 1151 432 per
1181 379 1304 423 avita
1334 388 1524 432 tropaea
1556 379 1730 432 decori,

379 2117 450 2162 32.

378 2336 449 2381 34.

668 482 726 517 et
770 472 1089 518 Numantinos
1128 482 1270 526 regna
1301 474 1559 526 loquuntur
1589 489 1703 519 avos

545 582 571 611 e
588 576 605 611 t
652 568 698 612 D
715 567 763 611 V
782 567 848 620 L;
895 582 922 611 a
939 583 965 612 e
983 582 1006 611 r
1023 582 1050 612 a
1096 568 1147 612 vi
1193 567 1528 620 Memmianus,
1562 568 1784 614 Urbinas.

516 662 733 707 Editores
750 663 807 706 ad
829 678 976 707 unum
998 677 1162 707 omnes
1195 661 1412 716 scaligeri
1444 664 1762 708 coniecturam
1793 664 1948 710 Afra
1978 680 2064 718 pro
2095 681 2237 712 aera

513 756 759 809 recipiunt,
803 766 848 801 et
893 757 1225 802 Lachmannus
1268 758 1422 802 Afra
1466 759 1642 812 magnis
1673 759 1889 804 laudibus
1921 762 2097 806 extollit
2127 763 2235 807 scri-

514 851 653 896 bens:
686 852 881 903 „vitium
913 853 1243 906 perantiquum
1276 868 1303 897 a
1334 862 1501 906 magno
1533 853 1765 907 Scaligero
1796 855 2062 900 felicissime
2084 857 2234 902 subla-

513 947 655 991 tum''.
690 946 789 1000 Ego
820 956 976 991 tamen
1009 963 1103 992 non
1136 948 1280 992 credo
1311 947 1465 992 Atra
1501 963 1528 992 a
1559 957 1696 1001 poeta
1719 950 1943 1002 scriptum
1960 965 2077 1003 esse,
2100 966 2236 1004 prop-

513 1050 640 1087 terea
680 1043 808 1096 quod
846 1043 961 1087 mihi
993 1044 1204 1096 ineptum
1237 1044 1425 1088 videtur
1456 1043 1754 1097 Propertium
1787 1044 2022 1089 dicentem
2054 1045 2234 1090 facere:

510 1137 667 1182 Afra
709 1146 851 1191 regna
881 1139 1137 1192 loquuntur
1168 1139 1228 1183 de
1259 1139 1403 1192 gloria
1434 1137 1663 1191 Scipionis
1695 1137 2072 1183 Numantici.
2116 1139 2235 1184 Ean-

511 1233 620 1276 dem
653 1232 715 1277 ob
747 1248 935 1278 oausam
970 1233 1278 1278 Housmanus
1309 1231 1453 1291 (JPh.
1485 1234 1648 1285 XXII,
1668 1231 1778 1291 108)
1807 1249 1915 1279 cum
1948 1234 2235 1279 Baehrensio

512 1328 667 1381 legere
698 1329 825 1373 vult:

662 1431 820 1467 nostra
852 1422 1171 1467 Numantinos
1203 1423 1331 1476 signa
1362 1424 1619 1477 loquuntur
1649 1438 1777 1475 avos,

510 1519 638 1571 quod
671 1527 827 1563 tamen
860 1518 998 1563 nimis
1031 1519 1167 1563 distat
1197 1534 1224 1563 a
1254 1519 1417 1563 litteris
1448 1519 1639 1563 traditis·

512 1613 690 1658 Melius
721 1622 804 1665 est,
836 1614 964 1665 quod
998 1613 1185 1665 Lipsius
1217 1613 1459 1665 proposuit

662 1723 799 1752 versa
830 1707 1151 1752 Numantinos
1182 1717 1325 1761 regna
1365 1708 1622 1760 loquuntur
1663 1722 1802 1759 avos;
1842 1722 2027 1752 versa
2069 1722 2236 1753 eversa

510 1803 568 1847 cf.
615 1802 737 1847 Hor.
777 1802 937 1847 Carm.
971 1803 1057 1854 III,
1090 1802 1162 1854 25,
1197 1802 1267 1854 16,
1299 1817 1519 1855 proceras
1550 1802 1766 1846 manibus
1797 1811 1984 1847 vertere
2015 1801 2233 1847 fraxinos.

510 1898 559 1942 V
571 1913 597 1942 e
611 1914 635 1942 r
647 1913 668 1942 s
682 1913 709 1942 a
750 1913 775 1942 r
787 1913 814 1942 e
826 1907 853 1951 g
866 1913 897 1942 n
911 1913 939 1942 a
969 1906 1077 1942 sunt
1109 1896 1346 1951 Carthago
1377 1906 1423 1942 et
1451 1897 1723 1942 Numantia.

513 2117 628 2162 Non
661 2132 780 2170 opus
812 2126 880 2162 est
912 2132 1021 2161 cum
1054 2116 1342 2161 Baehrensio
1373 2132 1459 2169 pro
1491 2126 1546 2162 et
1585 2132 1661 2162 en
1692 2118 1860 2170 legere.

510 2337 661 2381 vinxit
692 2345 738 2381 et
768 2345 981 2389 acceptas
1013 2337 1157 2381 altera
1187 2336 1301 2380 vitta
1332 2352 1490 2381 comas

511 2431 559 2476 A
571 2447 597 2476 c
609 2447 634 2475 c
646 2447 672 2476 e
686 2446 717 2484 p
730 2440 747 2475 t
760 2446 787 2475 a
800 2446 821 2475 s
852 2439 1010 2475 tuetur
1042 2431 1388 2482 LachmannuS,
1406 2446 1548 2482 quem
1565 2432 1768 2475 editores
1785 2430 2069 2475 recentiores
2086 2428 2231 2474 secuti

513 2535 620 2570 sunt
637 2526 804 2570 collato
824 2525 910 2577 IV,
927 2525 969 2569 9.
987 2525 1068 2570 49:
1087 2525 1239 2570 mollis
1256 2534 1302 2570 et
1319 2525 1550 2570 hirsutum
1583 2526 1705 2578 cepit
1737 2525 1851 2570 mihi
1882 2524 2024 2569 fascia
2039 2531 2231 2576 pectus;

511 2622 594 2666 sed
626 2621 736 2675 quia
778 2636 810 2665 v
827 2621 841 2664 i
856 2636 886 2664 n
904 2620 1029 2665 cire
1073 2628 1119 2664 et
1161 2635 1225 2664 ac
1239 2620 1338 2673 cip
1353 2635 1379 2665 e
1394 2636 1417 2664 r
1430 2636 1457 2665 e
1501 2621 1599 2664 tere
1630 2620 1756 2664 idem
1789 2628 1871 2671 est,
1902 2619 2098 2663 fortasse
2130 2617 2232 2662 Itali

513 2731 704 2760 manum
781 2724 947 2769 poetae
1023 2724 1349 2768 reposuerunt,
1426 2730 1535 2759 cum
1603 2730 1629 2759 a
1643 2730 1664 2759 s
1675 2731 1706 2768 p
1720 2730 1746 2759 e
1760 2730 1783 2758 r
1797 2729 1818 2759 s
1835 2729 1861 2758 a
1877 2728 1898 2758 s
1959 2712 2231 2758 scriberent.

515 2810 812 2856 Nubentium
844 2811 998 2856 crines
1029 2826 1151 2864 aqua
1181 2811 1361 2864 aspergi
1393 2810 1617 2855 solebant.

379 3036 450 3082 35.
485 3036 556 3081 36.
618 3037 798 3090 iungor,
832 3036 1008 3087 Paulle,
1039 3045 1120 3080 tuo
1152 3036 1217 3080 sic
1249 3036 1511 3082 discessura
1541 3035 1709 3080 cubili:

663 3132 711 3176 in
742 3132 897 3184 lapide
928 3131 1019 3175 hoc
1050 3131 1131 3175 uni
1163 3139 1308 3183 nupta
1337 3130 1481 3175 fuisse
1512 3131 1649 3183 legar.

513 3226 748 3271 Futurum
780 3226 950 3279 legar
981 3225 1170 3270 defendi
1203 3225 1379 3278 nequit,
1411 3240 1520 3269 nam
1553 3225 1643 3269 iam
1677 3232 1860 3268 mortua
1891 3230 1960 3266 est
1987 3220 2230 3272 Cornelia;

513 3321 815 3366 coniunctivo
858 3335 974 3365 vero
1017 3335 1112 3364 non
1155 3329 1225 3365 est
1254 3321 1399 3365 locus.
1432 3319 1558 3364 Cum
1591 3319 1801 3364 Graevio
1831 3319 1934 3372 lego
1966 3320 2230 3365 Hartmano

514 3425 794 3468 praeeunte:
826 3431 858 3461 u
874 3425 892 3460 t
923 3415 1077 3467 lapide
1108 3416 1199 3460 hoc
1230 3416 1311 3460 uni
1344 3424 1489 3468 nupta
1518 3415 1659 3460 tuisse
1690 3416 1828 3468 legar.
