2566 3886
328 1885 399 1930 71.

327 2062 398 2107 77.

1124 263 1389 309 -325-

467 394 604 438 Haec
649 394 917 439 coniectura
963 403 1119 439 nostra
1156 403 1303 439 aetate
1335 395 1492 439 denuo
1523 394 1760 447 proposita
1790 403 1860 439 est
1890 409 1918 439 a
1950 394 2184 448 Postgatio

465 487 764 547 (Propertius
794 489 842 533 in
877 487 1017 546 1880)
1048 489 1128 543 qui
1160 504 1264 533 eam
1296 489 1343 533 in
1375 497 1504 533 textu
1534 489 1702 542 posuit.
1735 488 1828 534 Cui
1861 488 2021 534 bono?
2053 488 2185 542 Opti·

466 599 596 628 mum
628 598 818 628 sensum
850 584 928 628 dat
970 585 1178 636 vulgata:
1225 592 1352 628 recte
1397 583 1489 627 iam
1538 583 1738 636 Paleyus
1785 584 1950 628 vertit:
1997 584 2183 636 „which

466 679 624 723 would
656 679 777 722 have
808 677 935 722 lived
967 678 1129 731 longer
1159 678 1219 722 i-e
1250 678 1394 722 killed
1427 678 1588 723 before
1619 679 1742 723 their
1771 679 1927 723 time”.

462 871 551 909 per
580 864 745 900 tenues
776 870 880 900 ossa
910 863 1017 899 sunt
1048 863 1292 900 numerata
1325 864 1481 900 cutem

464 951 530 995 sic
563 949 623 995 Ο.

464 1045 823 1090 Diversissimae
865 1054 972 1090 sunt
1002 1045 1213 1090 virorum
1246 1046 1492 1090 doctorum
1531 1046 1592 1090 de
1624 1045 1715 1091 hoc
1747 1061 1888 1091 versu
1919 1045 2181 1098 opiniones.

464 1138 674 1184 Omnino
719 1139 957 1184 reicienda
1002 1149 1071 1184 est
1117 1140 1412 1192 Rothsteinii,
1459 1140 1540 1194 qui
1588 1140 1771 1185 confert
1820 1155 2012 1185 versum
2056 1142 2181 1186 haud

463 1233 607 1278 dubie
638 1242 910 1286 corruptum
945 1234 1006 1286 ΙΙ,
1042 1233 1111 1278 13.
1143 1233 1227 1278 25:

616 1327 692 1373 Sat
724 1343 829 1372 mea
860 1329 916 1373 sit
947 1337 1127 1381 magna,
1165 1328 1202 1373 si
1234 1337 1327 1373 tres
1359 1329 1449 1374 sint
1479 1344 1651 1382 pompa
1682 1330 1844 1375 libelli.

460 1424 667 1468 Versum
698 1423 914 1477 quamvis
944 1432 1191 1477 corruptus
1222 1424 1279 1469 sit
1310 1439 1405 1469 non
1437 1433 1594 1470 tamen
1625 1426 1746 1470 hanc
1775 1425 1837 1470 ob
1866 1440 2053 1470 causam
2070 1441 2178 1471 cum

461 1518 655 1563 Mureto
697 1519 920 1563 damnare
951 1519 1094 1563 velim
1126 1528 1286 1573 utpote
1318 1520 1511 1564 lacunae
1543 1520 1832 1574 supplendae
1864 1535 2004 1565 causa
2034 1520 2178 1565 inser-

460 1622 584 1665 tum;
617 1628 676 1658 ex
706 1613 986 1658 coniecturis
1018 1614 1266 1666 propositis
1297 1615 1416 1668 eligo
1447 1615 1693 1660 inventum
1726 1615 1957 1660 Palmeri:

610 1722 695 1760 per
724 1716 915 1753 tenuem
946 1723 1051 1754 ossa
1081 1724 1212 1754 suam
1244 1718 1352 1754 sunt
1382 1718 1625 1754 numerata
1655 1718 1826 1755 cutem.

461 1885 555 1930 Pro
586 1885 611 1930 f
617 1902 648 1931 u
662 1902 689 1931 e
705 1901 729 1930 r
742 1901 768 1931 a
782 1901 812 1930 n
827 1894 844 1930 t
874 1901 982 1931 cum
1015 1886 1276 1932 Passeratio
1307 1887 1636 1941 corrigendum
1668 1888 1728 1933 lu
1742 1903 1769 1933 e
1785 1903 1809 1933 r
1822 1903 1853 1933 u
1867 1902 1899 1932 n
1916 1896 1947 1932 t.

461 2063 555 2108 Pro
586 2063 832 2109 caedito
862 2064 1119 2109 rectissime
1151 2064 1395 2110 Livineius
1426 2066 1677 2110 caedite
1708 2066 1905 2120 scripsit,
1933 2066 1992 2111 cf.
2028 2066 2175 2112 Lach-

460 2173 684 2203 mannum
727 2160 786 2203 ad
824 2160 951 2204 hunc
981 2160 1153 2212 locum,
1184 2175 1326 2213 quam
1358 2169 1532 2206 certam
1564 2162 1904 2206 correctionem
1937 2162 2174 2208 Phillimo-

459 2253 556 2298 rius
586 2268 809 2305 spernere
840 2269 935 2299 non
968 2254 1208 2300 debuerat.

1052 2626 1306 2673 ELEGIA
1336 2627 1424 2673 VI.

458 2777 585 2823 Cera
615 2778 864 2824 Philetaeis
895 2789 1040 2825 certet
1072 2780 1286 2826 Romana
1316 2781 1554 2834 corymbis

457 2871 538 2916 Ad
569 2873 695 2917 hunc
726 2888 916 2917 versum
950 2873 1269 2919 Rothsteinius
1300 2884 1517 2920 annotat:
1550 2876 1792 2929 „Properz
1822 2877 1901 2922 hat
1922 2877 2022 2922 sich
2039 2878 2169 2923 nicht

457 2966 665 3018 bemiiht,
711 2967 849 3012 beide
895 2966 1051 3012 Seiten
1092 2969 1176 3013 des
1207 2968 1525 3023 Gegensatzes
1556 2971 1707 3015 durch
1738 2971 1814 3016 ein
1846 2971 2167 3017 einheitliches

457 3061 561 3105 Bild
592 3076 680 3105 zur
710 3061 1032 3115 Anschauung
1061 3078 1123 3107 zu
1154 3063 1365 3116 bringen,
1396 3065 1601 3109 sondern
1633 3080 1686 3109 er
1716 3065 1812 3109 ffillt
1827 3066 1910 3110 das
1936 3066 2042 3110 eine
2063 3066 2165 3111 Mal

455 3169 538 3199 aus
569 3156 678 3199 dem
712 3155 846 3200 Bilde
877 3157 1073 3201 heraus:
1105 3157 1164 3201 cf.
1197 3158 1284 3209 III,
1320 3158 1359 3202 1.
1394 3158 1475 3203 17:

573 3250 670 3301 sed,
702 3251 830 3301 quod
861 3265 976 3302 pace
1007 3251 1143 3303 legas,
1175 3266 1293 3304 opus
1324 3253 1414 3297 hoc
1446 3254 1506 3298 de
1538 3262 1697 3298 monte
1728 3269 1943 3300 sororum

632 3344 796 3388 detulit
825 3344 994 3389 intacta
1023 3345 1188 3399 pagina
1218 3355 1376 3391 nostra
1405 3347 1495 3392 via.

456 3435 548 3481 Sed
579 3437 671 3482 iam
703 3437 1026 3491 Schippersius
1067 3438 1139 3498 (p.
1171 3438 1255 3498 49)
1286 3450 1448 3486 contra
1480 3442 1852 3495 Lachmannum,
1884 3443 1964 3497 qui
2012 3459 2038 3488 c
2055 3459 2119 3488 er
2135 3460 2163 3489 a
