<?xml version="1.0" encoding="UTF-8"?>
<!DOCTYPE html PUBLIC "-//W3C//DTD XHTML 1.0 Transitional//EN"
    "http://www.w3.org/TR/xhtml1/DTD/xhtml1-transitional.dtd">
<html xmlns="http://www.w3.org/1999/xhtml" xml:lang="en" lang="en">
 <head>
  <title>
</title>
<meta http-equiv="Content-Type" content="text/html;charset=utf-8" />
  <meta name='ocr-system' content='tesseract 3.04.00' />
  <meta name='ocr-capabilities' content='ocr_page ocr_carea ocr_par ocr_line ocrx_word'/>
</head>
<body>
  <div class='ocr_page' id='page_1' title='image "./adpropertiicarmi00enkpuoft_0271.png"; bbox 0 0 2566 3886; ppageno 0'>
   <div class='ocr_carea' id='block_1_1' title="bbox 342 972 384 1017">
    <p class='ocr_par' dir='ltr' id='par_1_1' title="bbox 342 972 384 1017">
     <span class='ocr_line' id='line_1_1' title="bbox 342 972 384 1017; baseline -0.024 0"><span class='ocrx_word' id='word_1_1' title='bbox 342 972 384 1017; x_wconf 90' lang='lat'><strong>9.</strong></span> 
     </span>
    </p>
   </div>
   <div class='ocr_carea' id='block_1_2' title="bbox 341 1161 409 1206">
    <p class='ocr_par' dir='ltr' id='par_1_2' title="bbox 341 1161 409 1206">
     <span class='ocr_line' id='line_1_2' title="bbox 341 1161 409 1206; baseline 0 0"><span class='ocrx_word' id='word_1_2' title='bbox 341 1161 409 1206; x_wconf 93' lang='grc'><strong>11.</strong></span> 
     </span>
    </p>
   </div>
   <div class='ocr_carea' id='block_1_3' title="bbox 340 1349 408 1395">
    <p class='ocr_par' dir='ltr' id='par_1_3' title="bbox 340 1349 408 1395">
     <span class='ocr_line' id='line_1_3' title="bbox 340 1349 408 1395; baseline -0.015 0"><span class='ocrx_word' id='word_1_3' title='bbox 340 1349 408 1395; x_wconf 90' lang='grc'><strong>13.</strong></span> 
     </span>
    </p>
   </div>
   <div class='ocr_carea' id='block_1_4' title="bbox 340 1539 409 1586">
    <p class='ocr_par' dir='ltr' id='par_1_4' title="bbox 340 1539 409 1586">
     <span class='ocr_line' id='line_1_4' title="bbox 340 1539 409 1586; baseline 0 -1"><span class='ocrx_word' id='word_1_4' title='bbox 340 1539 409 1586; x_wconf 90' lang='grc'><strong>15.</strong></span> 
     </span>
    </p>
   </div>
   <div class='ocr_carea' id='block_1_5' title="bbox 341 1729 409 1774">
    <p class='ocr_par' dir='ltr' id='par_1_5' title="bbox 341 1729 409 1774">
     <span class='ocr_line' id='line_1_5' title="bbox 341 1729 409 1774; baseline 0 0"><span class='ocrx_word' id='word_1_5' title='bbox 341 1729 409 1774; x_wconf 90' lang='grc'><strong>17.</strong></span> 
     </span>
    </p>
   </div>
   <div class='ocr_carea' id='block_1_6' title="bbox 1132 267 1398 314">
    <p class='ocr_par' dir='ltr' id='par_1_6' title="bbox 1132 267 1398 314">
     <span class='ocr_line' id='line_1_6' title="bbox 1132 267 1398 314; baseline -0.004 0"><span class='ocrx_word' id='word_1_6' title='bbox 1132 267 1398 314; x_wconf 87' lang='grc'>-255-</span> 
     </span>
    </p>
   </div>
   <div class='ocr_carea' id='block_1_7' title="bbox 471 373 2187 736">
    <p class='ocr_par' dir='ltr' id='par_1_7' title="bbox 471 373 2187 549">
     <span class='ocr_line' id='line_1_7' title="bbox 474 373 2187 453; baseline -0.003 -7"><span class='ocrx_word' id='word_1_7' title='bbox 474 401 674 446; x_wconf 90' lang='lat' dir='ltr'><strong>iaciendi</strong></span> <span class='ocrx_word' id='word_1_8' title='bbox 705 410 874 453; x_wconf 91' lang='lat' dir='ltr'><strong>actum,</strong></span> <span class='ocrx_word' id='word_1_9' title='bbox 907 415 1002 445; x_wconf 90' lang='lat' dir='ltr'><strong>non</strong></span> <span class='ocrx_word' id='word_1_10' title='bbox 1033 373 1251 445; x_wconf 87' lang='lat' dir='ltr'><strong>effectum</strong></span> <span class='ocrx_word' id='word_1_11' title='bbox 1282 399 1482 451; x_wconf 87' lang='lat' dir='ltr'><strong>indicet;</strong></span> <span class='ocrx_word' id='word_1_12' title='bbox 1514 398 1627 452; x_wconf 85' lang='lat' dir='ltr'><strong>quid</strong></span> <span class='ocrx_word' id='word_1_13' title='bbox 1660 406 1816 443; x_wconf 92' lang='lat' dir='ltr'><strong>autem</strong></span> <span class='ocrx_word' id='word_1_14' title='bbox 1848 398 1908 442; x_wconf 94' lang='lat' dir='ltr'><strong>de</strong></span> <span class='ocrx_word' id='word_1_15' title='bbox 1939 398 2030 442; x_wconf 91' lang='lat' dir='ltr'><strong>hoc</strong></span> <span class='ocrx_word' id='word_1_16' title='bbox 2046 411 2187 442; x_wconf 88' lang='lat' dir='ltr'><strong>versu</strong></span> 
     </span>
     <span class='ocr_line' id='line_1_8' title="bbox 471 493 1187 549; baseline -0.003 -9"><span class='ocrx_word' id='word_1_17' title='bbox 471 495 744 549; x_wconf 90' lang='lat' dir='ltr'><strong>Vergiliano</strong></span> <span class='ocrx_word' id='word_1_18' title='bbox 777 495 949 548; x_wconf 87' lang='lat' dir='ltr'><strong>Georg.</strong></span> <span class='ocrx_word' id='word_1_19' title='bbox 983 495 1044 547; x_wconf 93' lang='lat'><strong>11,</strong></span> <span class='ocrx_word' id='word_1_20' title='bbox 1079 493 1187 539; x_wconf 90' lang='lat'>124:</span> 
     </span>
    </p>

    <p class='ocr_par' dir='ltr' id='par_1_8' title="bbox 476 588 1740 736">
     <span class='ocr_line' id='line_1_9' title="bbox 1030 588 1740 650; baseline -0.004 -15"><span class='ocrx_word' id='word_1_21' title='bbox 1030 589 1111 635; x_wconf 92' lang='lat' dir='ltr'><strong>ubi</strong></span> <span class='ocrx_word' id='word_1_22' title='bbox 1141 591 1251 650; x_wconf 66' lang='lat' dir='ltr'><strong>aera</strong></span> <span class='ocrx_word' id='word_1_23' title='bbox 1279 588 1472 633; x_wconf 85' lang='lat' dir='ltr'><strong>vincere</strong></span> <span class='ocrx_word' id='word_1_24' title='bbox 1504 602 1740 633; x_wconf 90' lang='lat' dir='ltr'><strong>summum</strong></span> 
     </span>
     <span class='ocr_line' id='line_1_10' title="bbox 476 682 1662 736; baseline -0.003 -6"><span class='ocrx_word' id='word_1_25' title='bbox 476 686 655 730; x_wconf 88' lang='lat' dir='ltr'><strong>arboris</strong></span> <span class='ocrx_word' id='word_1_26' title='bbox 686 686 811 730; x_wconf 89' lang='lat' dir='ltr'><strong>haud</strong></span> <span class='ocrx_word' id='word_1_27' title='bbox 843 685 964 730; x_wconf 91' lang='lat' dir='ltr'><strong>ullae</strong></span> <span class='ocrx_word' id='word_1_28' title='bbox 996 684 1051 729; x_wconf 92' lang='lat' dir='ltr'><strong>ia</strong></span> <span class='ocrx_word' id='word_1_29' title='bbox 1066 699 1093 729; x_wconf 92' lang='lat' dir='ltr'><strong>c</strong></span> <span class='ocrx_word' id='word_1_30' title='bbox 1110 692 1128 729; x_wconf 85' lang='lat' dir='ltr'><strong>t</strong></span> <span class='ocrx_word' id='word_1_31' title='bbox 1142 700 1174 729; x_wconf 96' lang='lat' dir='ltr'><strong>u</strong></span> <span class='ocrx_word' id='word_1_32' title='bbox 1205 692 1402 736; x_wconf 90' lang='lat' dir='ltr'><strong>potuere</strong></span> <span class='ocrx_word' id='word_1_33' title='bbox 1433 683 1620 736; x_wconf 78' lang='lat' dir='ltr'><strong>sagittae</strong></span> <span class='ocrx_word' id='word_1_34' title='bbox 1636 682 1662 727; x_wconf 72' lang='grc' dir='ltr'><em>Ρ</em></span> 
     </span>
    </p>
   </div>
   <div class='ocr_carea' id='block_1_8' title="bbox 476 779 709 826">
    <p class='ocr_par' dir='ltr' id='par_1_9' title="bbox 476 779 709 826">
     <span class='ocr_line' id='line_1_11' title="bbox 476 779 709 826; baseline 0 0"><span class='ocrx_word' id='word_1_35' title='bbox 476 781 667 826; x_wconf 85' lang='lat' dir='ltr'>dixisset</span> <span class='ocrx_word' id='word_1_36' title='bbox 682 779 709 825; x_wconf 76' lang='lat' dir='ltr'>P</span> 
     </span>
    </p>
   </div>
   <div class='ocr_carea' id='block_1_9' title="bbox 469 968 2191 3110">
    <p class='ocr_par' dir='ltr' id='par_1_10' title="bbox 475 968 1751 1024">
     <span class='ocr_line' id='line_1_12' title="bbox 475 968 1751 1024; baseline -0.002 -8"><span class='ocrx_word' id='word_1_37' title='bbox 475 986 603 1016; x_wconf 91' lang='lat' dir='ltr'><strong>nunc</strong></span> <span class='ocrx_word' id='word_1_38' title='bbox 632 970 738 1024; x_wconf 90' lang='lat' dir='ltr'><strong>ligat</strong></span> <span class='ocrx_word' id='word_1_39' title='bbox 769 971 828 1015; x_wconf 87' lang='lat' dir='ltr'><strong>ad</strong></span> <span class='ocrx_word' id='word_1_40' title='bbox 859 978 1066 1015; x_wconf 90' lang='lat' dir='ltr'><strong>caestum</strong></span> <span class='ocrx_word' id='word_1_41' title='bbox 1098 969 1347 1023; x_wconf 88' lang='lat' dir='ltr'><strong>gaudentia</strong></span> <span class='ocrx_word' id='word_1_42' title='bbox 1377 968 1596 1014; x_wconf 89' lang='lat' dir='ltr'><strong>bracchia</strong></span> <span class='ocrx_word' id='word_1_43' title='bbox 1626 968 1751 1020; x_wconf 88' lang='lat' dir='ltr'><strong>loris,</strong></span> 
     </span>
    </p>

    <p class='ocr_par' dir='ltr' id='par_1_11' title="bbox 470 1064 1763 1214">
     <span class='ocr_line' id='line_1_13' title="bbox 535 1064 1621 1117; baseline -0.001 -7"><span class='ocrx_word' id='word_1_44' title='bbox 535 1065 708 1110; x_wconf 90' lang='lat' dir='ltr'><strong>missile</strong></span> <span class='ocrx_word' id='word_1_45' title='bbox 740 1079 866 1110; x_wconf 92' lang='lat' dir='ltr'><strong>nunc</strong></span> <span class='ocrx_word' id='word_1_46' title='bbox 897 1064 1013 1110; x_wconf 92' lang='lat' dir='ltr'><strong>disci</strong></span> <span class='ocrx_word' id='word_1_47' title='bbox 1044 1065 1230 1117; x_wconf 89' lang='lat' dir='ltr'><strong>pondus</strong></span> <span class='ocrx_word' id='word_1_48' title='bbox 1260 1064 1309 1109; x_wconf 91' lang='lat' dir='ltr'><strong>in</strong></span> <span class='ocrx_word' id='word_1_49' title='bbox 1341 1064 1456 1110; x_wconf 90' lang='lat' dir='ltr'><strong>orbe</strong></span> <span class='ocrx_word' id='word_1_50' title='bbox 1487 1072 1621 1116; x_wconf 87' lang='lat' dir='ltr'><strong>rotat,</strong></span> 
     </span>
     <span class='ocr_line' id='line_1_14' title="bbox 470 1160 1763 1214; baseline -0.002 -8"><span class='ocrx_word' id='word_1_51' title='bbox 470 1170 637 1214; x_wconf 86' lang='lat' dir='ltr'><strong>gyrum</strong></span> <span class='ocrx_word' id='word_1_52' title='bbox 670 1161 821 1213; x_wconf 90' lang='lat' dir='ltr'><strong>pulsat</strong></span> <span class='ocrx_word' id='word_1_53' title='bbox 851 1160 998 1214; x_wconf 89' lang='lat' dir='ltr'><strong>equis,</strong></span> <span class='ocrx_word' id='word_1_54' title='bbox 1030 1160 1223 1206; x_wconf 86' lang='lat' dir='ltr'><strong>niveum</strong></span> <span class='ocrx_word' id='word_1_55' title='bbox 1255 1161 1374 1206; x_wconf 89' lang='lat' dir='ltr'><strong>latus</strong></span> <span class='ocrx_word' id='word_1_56' title='bbox 1405 1175 1518 1206; x_wconf 88' lang='lat' dir='ltr'><strong>ense</strong></span> <span class='ocrx_word' id='word_1_57' title='bbox 1549 1160 1763 1212; x_wconf 89' lang='lat' dir='ltr'><strong>revincit,</strong></span> 
     </span>
    </p>

    <p class='ocr_par' dir='ltr' id='par_1_12' title="bbox 469 1255 1670 1403">
     <span class='ocr_line' id='line_1_15' title="bbox 529 1255 1592 1309; baseline 0.001 -9"><span class='ocrx_word' id='word_1_58' title='bbox 529 1255 887 1309; x_wconf 88' lang='lat' dir='ltr'><strong>virgineumque</strong></span> <span class='ocrx_word' id='word_1_59' title='bbox 918 1270 1037 1301; x_wconf 90' lang='lat' dir='ltr'><strong>cavo</strong></span> <span class='ocrx_word' id='word_1_60' title='bbox 1067 1255 1267 1309; x_wconf 80' lang='lat' dir='ltr'><strong>protegit</strong></span> <span class='ocrx_word' id='word_1_61' title='bbox 1298 1270 1407 1301; x_wconf 90' lang='lat' dir='ltr'><strong>aere</strong></span> <span class='ocrx_word' id='word_1_62' title='bbox 1438 1264 1592 1309; x_wconf 90' lang='lat' dir='ltr'><strong>caput,</strong></span> 
     </span>
     <span class='ocr_line' id='line_1_16' title="bbox 469 1349 1670 1403; baseline 0 -8"><span class='ocrx_word' id='word_1_63' title='bbox 469 1350 619 1403; x_wconf 83' lang='lat' dir='ltr'><strong>qualis</strong></span> <span class='ocrx_word' id='word_1_64' title='bbox 650 1349 1003 1395; x_wconf 82' lang='lat' dir='ltr'>Amazonidum</span> <span class='ocrx_word' id='word_1_65' title='bbox 1036 1350 1221 1395; x_wconf 90' lang='lat' dir='ltr'><strong>nudatis</strong></span> <span class='ocrx_word' id='word_1_66' title='bbox 1253 1350 1420 1395; x_wconf 91' lang='lat' dir='ltr'><strong>bellica</strong></span> <span class='ocrx_word' id='word_1_67' title='bbox 1450 1350 1670 1396; x_wconf 90' lang='lat' dir='ltr'><strong>mammis</strong></span> 
     </span>
    </p>

    <p class='ocr_par' dir='ltr' id='par_1_13' title="bbox 471 1443 1543 1594">
     <span class='ocr_line' id='line_1_17' title="bbox 531 1443 1543 1498; baseline 0 -8"><span class='ocrx_word' id='word_1_68' title='bbox 531 1443 972 1490; x_wconf 86' lang='lat' dir='ltr'><strong>Tbermodontiacis</strong></span> <span class='ocrx_word' id='word_1_69' title='bbox 1003 1444 1141 1490; x_wconf 88' lang='lat' dir='ltr'><strong>turba</strong></span> <span class='ocrx_word' id='word_1_70' title='bbox 1170 1445 1352 1490; x_wconf 87' lang='lat' dir='ltr'><strong>lavatur</strong></span> <span class='ocrx_word' id='word_1_71' title='bbox 1382 1445 1543 1498; x_wconf 86' lang='lat' dir='ltr'><strong>aquis;</strong></span> 
     </span>
     <span class='ocr_line' id='line_1_18' title="bbox 471 1539 1533 1594; baseline 0 -9"><span class='ocrx_word' id='word_1_72' title='bbox 471 1548 518 1586; x_wconf 89' lang='lat' dir='ltr'><strong>et</strong></span> <span class='ocrx_word' id='word_1_73' title='bbox 547 1541 692 1585; x_wconf 91' lang='lat' dir='ltr'><strong>modo</strong></span> <span class='ocrx_word' id='word_1_74' title='bbox 721 1539 930 1594; x_wconf 75' lang='lat' dir='ltr'><strong>Taygeti,</strong></span> <span class='ocrx_word' id='word_1_75' title='bbox 958 1540 1101 1585; x_wconf 89' lang='lat' dir='ltr'><strong>crinis</strong></span> <span class='ocrx_word' id='word_1_76' title='bbox 1131 1554 1321 1593; x_wconf 90' lang='lat' dir='ltr'><strong>aspersa</strong></span> <span class='ocrx_word' id='word_1_77' title='bbox 1350 1540 1533 1594; x_wconf 88' lang='lat' dir='ltr'><strong>pruina,</strong></span> 
     </span>
    </p>

    <p class='ocr_par' dir='ltr' id='par_1_14' title="bbox 470 1635 1651 1783">
     <span class='ocr_line' id='line_1_19' title="bbox 530 1635 1528 1689; baseline 0 -9"><span class='ocrx_word' id='word_1_78' title='bbox 530 1644 732 1680; x_wconf 87' lang='lat' dir='ltr'><strong>sectatur</strong></span> <span class='ocrx_word' id='word_1_79' title='bbox 762 1635 935 1688; x_wconf 85' lang='lat' dir='ltr'><strong>patrios</strong></span> <span class='ocrx_word' id='word_1_80' title='bbox 967 1650 1053 1688; x_wconf 92' lang='lat' dir='ltr'><strong>per</strong></span> <span class='ocrx_word' id='word_1_81' title='bbox 1083 1635 1189 1689; x_wconf 87' lang='lat' dir='ltr'><strong>iuga</strong></span> <span class='ocrx_word' id='word_1_82' title='bbox 1219 1636 1355 1689; x_wconf 85' lang='lat' dir='ltr'><strong>longa</strong></span> <span class='ocrx_word' id='word_1_83' title='bbox 1386 1636 1528 1688; x_wconf 89' lang='lat' dir='ltr'><strong>canis,</strong></span> 
     </span>
     <span class='ocr_line' id='line_1_20' title="bbox 470 1729 1651 1783; baseline 0.001 -9"><span class='ocrx_word' id='word_1_84' title='bbox 470 1730 620 1783; x_wconf 86' lang='lat' dir='ltr'><strong>qualis</strong></span> <span class='ocrx_word' id='word_1_85' title='bbox 651 1739 699 1775; x_wconf 91' lang='lat' dir='ltr'><strong>et</strong></span> <span class='ocrx_word' id='word_1_86' title='bbox 732 1729 935 1775; x_wconf 81' lang='lat' dir='ltr'><strong>Eurotae</strong></span> <span class='ocrx_word' id='word_1_87' title='bbox 969 1730 1137 1775; x_wconf 86' lang='lat' dir='ltr'>Pollux</span> <span class='ocrx_word' id='word_1_88' title='bbox 1168 1739 1215 1775; x_wconf 93' lang='lat' dir='ltr'><strong>et</strong></span> <span class='ocrx_word' id='word_1_89' title='bbox 1248 1729 1420 1776; x_wconf 82' lang='lat' dir='ltr'><strong>Castor</strong></span> <span class='ocrx_word' id='word_1_90' title='bbox 1450 1730 1651 1783; x_wconf 79' lang='lat' dir='ltr'><strong>harenis,</strong></span> 
     </span>
    </p>

    <p class='ocr_par' dir='ltr' id='par_1_15' title="bbox 470 1824 2191 3110">
     <span class='ocr_line' id='line_1_21' title="bbox 532 1824 1495 1878; baseline 0.001 -9"><span class='ocrx_word' id='word_1_91' title='bbox 532 1824 609 1869; x_wconf 91' lang='lat' dir='ltr'><strong>hic</strong></span> <span class='ocrx_word' id='word_1_92' title='bbox 642 1825 794 1869; x_wconf 90' lang='lat' dir='ltr'><strong>victor</strong></span> <span class='ocrx_word' id='word_1_93' title='bbox 823 1824 1004 1878; x_wconf 78' lang='lat' dir='ltr'><strong>pugnis,</strong></span> <span class='ocrx_word' id='word_1_94' title='bbox 1036 1824 1114 1869; x_wconf 93' lang='lat' dir='ltr'><strong>ille</strong></span> <span class='ocrx_word' id='word_1_95' title='bbox 1144 1824 1329 1870; x_wconf 88' lang='lat' dir='ltr'><strong>futurus</strong></span> <span class='ocrx_word' id='word_1_96' title='bbox 1361 1825 1495 1878; x_wconf 87' lang='lat' dir='ltr'><strong>equis</strong></span> 
     </span>
     <span class='ocr_line' id='line_1_22' title="bbox 476 1918 2158 1971; baseline 0.001 -8"><span class='ocrx_word' id='word_1_97' title='bbox 476 1918 550 1963; x_wconf 92' lang='lat' dir='ltr'><strong>En</strong></span> <span class='ocrx_word' id='word_1_98' title='bbox 581 1919 712 1964; x_wconf 93' lang='lat' dir='ltr'><strong>locus</strong></span> <span class='ocrx_word' id='word_1_99' title='bbox 743 1918 1054 1971; x_wconf 88' lang='lat' dir='ltr'><strong>difficillimus,</strong></span> <span class='ocrx_word' id='word_1_100' title='bbox 1086 1919 1168 1971; x_wconf 88' lang='lat' dir='ltr'><strong>qui</strong></span> <span class='ocrx_word' id='word_1_101' title='bbox 1200 1920 1413 1964; x_wconf 91' lang='lat' dir='ltr'><strong>nondum</strong></span> <span class='ocrx_word' id='word_1_102' title='bbox 1445 1928 1573 1965; x_wconf 90' lang='lat' dir='ltr'><strong>recte</strong></span> <span class='ocrx_word' id='word_1_103' title='bbox 1604 1935 1632 1965; x_wconf 91' lang='lat' dir='ltr'><strong>a</strong></span> <span class='ocrx_word' id='word_1_104' title='bbox 1662 1920 1776 1965; x_wconf 92' lang='lat' dir='ltr'><strong>viris</strong></span> <span class='ocrx_word' id='word_1_105' title='bbox 1808 1921 1957 1966; x_wconf 90' lang='lat' dir='ltr'><strong>doctis</strong></span> <span class='ocrx_word' id='word_1_106' title='bbox 1988 1921 2158 1966; x_wconf 89' lang='lat' dir='ltr'><strong>editur.</strong></span> 
     </span>
     <span class='ocr_line' id='line_1_23' title="bbox 472 2012 2190 2068; baseline 0.003 -11"><span class='ocrx_word' id='word_1_107' title='bbox 472 2013 603 2058; x_wconf 87' lang='lat' dir='ltr'><strong>Ante</strong></span> <span class='ocrx_word' id='word_1_108' title='bbox 633 2013 792 2058; x_wconf 91' lang='lat' dir='ltr'><strong>omnia</strong></span> <span class='ocrx_word' id='word_1_109' title='bbox 822 2028 988 2059; x_wconf 88' lang='lat' dir='ltr'><strong>versus</strong></span> <span class='ocrx_word' id='word_1_110' title='bbox 1022 2012 1091 2058; x_wconf 86' lang='lat'><strong>15.</strong></span> <span class='ocrx_word' id='word_1_111' title='bbox 1126 2013 1181 2059; x_wconf 89' lang='grc'><strong>16</strong></span> <span class='ocrx_word' id='word_1_112' title='bbox 1212 2029 1298 2059; x_wconf 91' lang='lat' dir='ltr'><strong>suo</strong></span> <span class='ocrx_word' id='word_1_113' title='bbox 1331 2015 1435 2059; x_wconf 93' lang='lat' dir='ltr'><strong>loco</strong></span> <span class='ocrx_word' id='word_1_114' title='bbox 1455 2030 1550 2060; x_wconf 91' lang='lat' dir='ltr'><strong>non</strong></span> <span class='ocrx_word' id='word_1_115' title='bbox 1573 2016 1661 2068; x_wconf 87' lang='lat' dir='ltr'><strong>legi</strong></span> <span class='ocrx_word' id='word_1_116' title='bbox 1679 2024 1905 2061; x_wconf 88' lang='lat' dir='ltr'><strong>monstrat</strong></span> <span class='ocrx_word' id='word_1_117' title='bbox 1922 2016 2190 2062; x_wconf 87' lang='lat' dir='ltr'><strong>coniunctio</strong></span> 
     </span>
     <span class='ocr_line' id='line_1_24' title="bbox 470 2107 2191 2168; baseline 0.003 -16"><span class='ocrx_word' id='word_1_118' title='bbox 470 2122 497 2152; x_wconf 95' lang='lat' dir='ltr'><strong>e</strong></span> <span class='ocrx_word' id='word_1_119' title='bbox 512 2116 530 2152; x_wconf 89' lang='lat' dir='ltr'><strong>t</strong></span> <span class='ocrx_word' id='word_1_120' title='bbox 561 2122 704 2152; x_wconf 91' lang='lat' dir='ltr'><strong>versu</strong></span> <span class='ocrx_word' id='word_1_121' title='bbox 735 2107 804 2160; x_wconf 91' lang='lat'><strong>17,</strong></span> <span class='ocrx_word' id='word_1_122' title='bbox 837 2109 964 2161; x_wconf 87' lang='lat' dir='ltr'><strong>quod</strong></span> <span class='ocrx_word' id='word_1_123' title='bbox 999 2107 1114 2154; x_wconf 92' lang='lat' dir='ltr'><strong>Otto</strong></span> <span class='ocrx_word' id='word_1_124' title='bbox 1145 2107 1431 2166; x_wconf 89' lang='lat' dir='ltr'><strong>(Versumst.</strong></span> <span class='ocrx_word' id='word_1_125' title='bbox 1465 2110 1501 2162; x_wconf 90' lang='lat'><strong>1,</strong></span> <span class='ocrx_word' id='word_1_126' title='bbox 1534 2124 1578 2162; x_wconf 91' lang='lat' dir='ltr'><strong>p.</strong></span> <span class='ocrx_word' id='word_1_127' title='bbox 1611 2107 1695 2168; x_wconf 90' lang='grc'><strong>23)</strong></span> <span class='ocrx_word' id='word_1_128' title='bbox 1727 2110 1886 2156; x_wconf 90' lang='lat' dir='ltr'><strong>docuit</strong></span> <span class='ocrx_word' id='word_1_129' title='bbox 1912 2112 2191 2165; x_wconf 87' lang='lat' dir='ltr'><strong>comparatis</strong></span> 
     </span>
     <span class='ocr_line' id='line_1_25' title="bbox 471 2202 2188 2259; baseline 0.003 -13"><span class='ocrx_word' id='word_1_130' title='bbox 471 2202 548 2247; x_wconf 89' lang='lat' dir='ltr'><strong>hic</strong></span> <span class='ocrx_word' id='word_1_131' title='bbox 594 2202 733 2247; x_wconf 90' lang='lat' dir='ltr'><strong>locis:</strong></span> <span class='ocrx_word' id='word_1_132' title='bbox 766 2203 804 2255; x_wconf 92' lang='grc' dir='ltr'><strong>Ι,</strong></span> <span class='ocrx_word' id='word_1_133' title='bbox 835 2202 878 2255; x_wconf 90' lang='grc'><strong>2,</strong></span> <span class='ocrx_word' id='word_1_134' title='bbox 913 2202 996 2256; x_wconf 89' lang='grc'><strong>11;</strong></span> <span class='ocrx_word' id='word_1_135' title='bbox 1029 2202 1070 2255; x_wconf 87' lang='lat'><strong>3,</strong></span> <span class='ocrx_word' id='word_1_136' title='bbox 1103 2202 1144 2248; x_wconf 87' lang='lat'><strong>3.</strong></span> <span class='ocrx_word' id='word_1_137' title='bbox 1178 2204 1239 2256; x_wconf 91' lang='lat'><strong>11,</strong></span> <span class='ocrx_word' id='word_1_138' title='bbox 1274 2203 1402 2256; x_wconf 87' lang='lat' dir='ltr'><strong>l,63;</strong></span> <span class='ocrx_word' id='word_1_139' title='bbox 1434 2204 1476 2257; x_wconf 90' lang='lat'><strong>2,</strong></span> <span class='ocrx_word' id='word_1_140' title='bbox 1507 2203 1565 2257; x_wconf 90' lang='lat'><strong>9;</strong></span> <span class='ocrx_word' id='word_1_141' title='bbox 1599 2203 1669 2257; x_wconf 88' lang='lat'><strong>15,</strong></span> <span class='ocrx_word' id='word_1_142' title='bbox 1703 2204 1787 2258; x_wconf 89' lang='grc'><strong>15;</strong></span> <span class='ocrx_word' id='word_1_143' title='bbox 1822 2205 1891 2258; x_wconf 88' lang='lat'><strong>16,</strong></span> <span class='ocrx_word' id='word_1_144' title='bbox 1923 2205 2010 2259; x_wconf 85' lang='lat'><strong>30;</strong></span> <span class='ocrx_word' id='word_1_145' title='bbox 2042 2206 2114 2259; x_wconf 88' lang='lat'><strong>25,</strong></span> <span class='ocrx_word' id='word_1_146' title='bbox 2146 2206 2188 2259; x_wconf 91' lang='lat'><strong>7,</strong></span> 
     </span>
     <span class='ocr_line' id='line_1_26' title="bbox 475 2296 1693 2352; baseline 0.002 -10"><span class='ocrx_word' id='word_1_147' title='bbox 475 2296 559 2350; x_wconf 90' lang='lat' dir='ltr'><strong>l3;</strong></span> <span class='ocrx_word' id='word_1_148' title='bbox 592 2297 664 2350; x_wconf 91' lang='lat'><strong>26,</strong></span> <span class='ocrx_word' id='word_1_149' title='bbox 696 2297 782 2350; x_wconf 85' lang='lat'><strong>51;</strong></span> <span class='ocrx_word' id='word_1_150' title='bbox 815 2297 887 2350; x_wconf 88' lang='grc'><strong>27,</strong></span> <span class='ocrx_word' id='word_1_151' title='bbox 919 2297 961 2350; x_wconf 88' lang='grc'><strong>3,</strong></span> <span class='ocrx_word' id='word_1_152' title='bbox 993 2298 1036 2350; x_wconf 90' lang='grc'><strong>7,</strong></span> <span class='ocrx_word' id='word_1_153' title='bbox 1068 2297 1151 2351; x_wconf 86' lang='grc'><strong>34;</strong></span> <span class='ocrx_word' id='word_1_154' title='bbox 1184 2298 1255 2351; x_wconf 85' lang='grc'><strong>34,</strong></span> <span class='ocrx_word' id='word_1_155' title='bbox 1288 2299 1366 2352; x_wconf 89' lang='grc'><strong>37;</strong></span> <span class='ocrx_word' id='word_1_156' title='bbox 1399 2300 1486 2352; x_wconf 91' lang='grc' dir='ltr'>ΙΙΙ,</span> <span class='ocrx_word' id='word_1_157' title='bbox 1520 2298 1589 2352; x_wconf 92' lang='grc'><strong>19,</strong></span> <span class='ocrx_word' id='word_1_158' title='bbox 1624 2299 1693 2344; x_wconf 91' lang='grc'><strong>15.</strong></span> 
     </span>
     <span class='ocr_line' id='line_1_27' title="bbox 470 2392 2189 2448; baseline 0.002 -11"><span class='ocrx_word' id='word_1_159' title='bbox 470 2392 683 2445; x_wconf 82' lang='lat' dir='ltr'><strong>Apparet</strong></span> <span class='ocrx_word' id='word_1_160' title='bbox 728 2392 866 2446; x_wconf 86' lang='lat' dir='ltr'><strong>igitur</strong></span> <span class='ocrx_word' id='word_1_161' title='bbox 911 2407 1076 2438; x_wconf 87' lang='lat' dir='ltr'><strong>versus</strong></span> <span class='ocrx_word' id='word_1_162' title='bbox 1118 2393 1187 2439; x_wconf 90' lang='lat'><strong>15.</strong></span> <span class='ocrx_word' id='word_1_163' title='bbox 1222 2393 1277 2439; x_wconf 92' lang='lat'><strong>16</strong></span> <span class='ocrx_word' id='word_1_164' title='bbox 1308 2395 1714 2448; x_wconf 68' lang='lat' dir='ltr'><strong>transponendus-3</strong></span> <span class='ocrx_word' id='word_1_165' title='bbox 1746 2395 1999 2448; x_wconf 87' lang='lat' dir='ltr'><strong>quaeritur,</strong></span> <span class='ocrx_word' id='word_1_166' title='bbox 2032 2404 2189 2441; x_wconf 90' lang='lat' dir='ltr'><strong>utrum</strong></span> 
     </span>
     <span class='ocr_line' id='line_1_28' title="bbox 472 2486 2189 2543; baseline 0.003 -12"><span class='ocrx_word' id='word_1_167' title='bbox 472 2502 581 2532; x_wconf 91' lang='lat' dir='ltr'><strong>cum</strong></span> <span class='ocrx_word' id='word_1_168' title='bbox 620 2486 851 2540; x_wconf 81' lang='lat' dir='ltr'><strong>Scaligero</strong></span> <span class='ocrx_word' id='word_1_169' title='bbox 883 2496 987 2539; x_wconf 89' lang='lat' dir='ltr'><strong>post</strong></span> <span class='ocrx_word' id='word_1_170' title='bbox 1018 2503 1063 2532; x_wconf 89' lang='lat' dir='ltr'><strong>v.</strong></span> <span class='ocrx_word' id='word_1_171' title='bbox 1098 2487 1153 2532; x_wconf 90' lang='lat'><strong>12</strong></span> <span class='ocrx_word' id='word_1_172' title='bbox 1184 2503 1243 2533; x_wconf 91' lang='lat' dir='ltr'><strong>an</strong></span> <span class='ocrx_word' id='word_1_173' title='bbox 1276 2504 1385 2533; x_wconf 91' lang='lat' dir='ltr'><strong>cum</strong></span> <span class='ocrx_word' id='word_1_174' title='bbox 1418 2488 1596 2534; x_wconf 91' lang='lat' dir='ltr'><strong>Ottone</strong></span> <span class='ocrx_word' id='word_1_175' title='bbox 1627 2498 1731 2542; x_wconf 89' lang='lat' dir='ltr'><strong>post</strong></span> <span class='ocrx_word' id='word_1_176' title='bbox 1765 2489 1820 2535; x_wconf 90' lang='grc'><strong>10</strong></span> <span class='ocrx_word' id='word_1_177' title='bbox 1852 2491 2189 2543; x_wconf 87' lang='lat' dir='ltr'><strong>transponendi</strong></span> 
     </span>
     <span class='ocr_line' id='line_1_29' title="bbox 471 2581 2186 2636; baseline 0.003 -10"><span class='ocrx_word' id='word_1_178' title='bbox 471 2582 575 2627; x_wconf 91' lang='lat' dir='ltr'><strong>sint.</strong></span> <span class='ocrx_word' id='word_1_179' title='bbox 608 2581 796 2627; x_wconf 91' lang='lat' dir='ltr'><strong>Ottonis</strong></span> <span class='ocrx_word' id='word_1_180' title='bbox 826 2582 1122 2635; x_wconf 90' lang='lat' dir='ltr'><strong>transpositio</strong></span> <span class='ocrx_word' id='word_1_181' title='bbox 1153 2583 1355 2628; x_wconf 83' lang='lat' dir='ltr'><strong>maxime</strong></span> <span class='ocrx_word' id='word_1_182' title='bbox 1387 2585 1551 2636; x_wconf 90' lang='lat' dir='ltr'><strong>placet,</strong></span> <span class='ocrx_word' id='word_1_183' title='bbox 1584 2599 1692 2630; x_wconf 91' lang='lat' dir='ltr'><strong>cum</strong></span> <span class='ocrx_word' id='word_1_184' title='bbox 1724 2585 1790 2629; x_wconf 90' lang='lat' dir='ltr'><strong>sic</strong></span> <span class='ocrx_word' id='word_1_185' title='bbox 1836 2600 1868 2629; x_wconf 93' lang='lat' dir='ltr'><strong>n</strong></span> <span class='ocrx_word' id='word_1_186' title='bbox 1882 2601 1913 2630; x_wconf 94' lang='lat' dir='ltr'><strong>u</strong></span> <span class='ocrx_word' id='word_1_187' title='bbox 1927 2601 1958 2630; x_wconf 93' lang='lat' dir='ltr'><strong>n</strong></span> <span class='ocrx_word' id='word_1_188' title='bbox 1976 2601 2002 2630; x_wconf 90' lang='lat' dir='ltr'><strong>c</strong></span> <span class='ocrx_word' id='word_1_189' title='bbox 2044 2601 2186 2631; x_wconf 88' lang='lat' dir='ltr'><strong>versu</strong></span> 
     </span>
     <span class='ocr_line' id='line_1_30' title="bbox 476 2676 2185 2731; baseline 0.002 -10"><span class='ocrx_word' id='word_1_190' title='bbox 476 2676 530 2721; x_wconf 92' lang='lat'><strong>10</strong></span> <span class='ocrx_word' id='word_1_191' title='bbox 561 2685 607 2721; x_wconf 91' lang='lat' dir='ltr'><strong>et</strong></span> <span class='ocrx_word' id='word_1_192' title='bbox 650 2677 823 2721; x_wconf 91' lang='lat' dir='ltr'><strong>modo</strong></span> <span class='ocrx_word' id='word_1_193' title='bbox 864 2691 1006 2721; x_wconf 87' lang='lat' dir='ltr'><strong>versu</strong></span> <span class='ocrx_word' id='word_1_194' title='bbox 1039 2676 1094 2722; x_wconf 90' lang='grc'><strong>15</strong></span> <span class='ocrx_word' id='word_1_195' title='bbox 1126 2677 1481 2731; x_wconf 86' lang='lat' dir='ltr'><strong>coniungantur.</strong></span> <span class='ocrx_word' id='word_1_196' title='bbox 1514 2678 1606 2724; x_wconf 92' lang='lat' dir='ltr'><strong>Sed</strong></span> <span class='ocrx_word' id='word_1_197' title='bbox 1638 2679 1727 2724; x_wconf 92' lang='lat' dir='ltr'><strong>alia</strong></span> <span class='ocrx_word' id='word_1_198' title='bbox 1757 2688 1899 2724; x_wconf 90' lang='lat' dir='ltr'><strong>restat</strong></span> <span class='ocrx_word' id='word_1_199' title='bbox 1929 2680 2185 2725; x_wconf 87' lang='lat' dir='ltr'><strong>difficultas.</strong></span> 
     </span>
     <span class='ocr_line' id='line_1_31' title="bbox 474 2770 2187 2830; baseline 0.002 -15"><span class='ocrx_word' id='word_1_200' title='bbox 474 2770 601 2816; x_wconf 92' lang='lat' dir='ltr'><strong>Nam</strong></span> <span class='ocrx_word' id='word_1_201' title='bbox 623 2786 815 2824; x_wconf 87' lang='lat' dir='ltr'><strong>prorsus</strong></span> <span class='ocrx_word' id='word_1_202' title='bbox 832 2786 927 2816; x_wconf 92' lang='lat' dir='ltr'><strong>non</strong></span> <span class='ocrx_word' id='word_1_203' title='bbox 944 2771 1170 2817; x_wconf 90' lang='lat' dir='ltr'><strong>assentior</strong></span> <span class='ocrx_word' id='word_1_204' title='bbox 1187 2772 1468 2818; x_wconf 91' lang='lat' dir='ltr'><strong>Housmano</strong></span> <span class='ocrx_word' id='word_1_205' title='bbox 1485 2773 1532 2829; x_wconf 92' lang='lat' dir='ltr'><strong>(J</strong></span> <span class='ocrx_word' id='word_1_206' title='bbox 1537 2774 1623 2818; x_wconf 89' lang='lat' dir='ltr'><strong>Ph.</strong></span> <span class='ocrx_word' id='word_1_207' title='bbox 1641 2773 1776 2826; x_wconf 91' lang='lat' dir='ltr'><strong>XXI,</strong></span> <span class='ocrx_word' id='word_1_208' title='bbox 1795 2789 1839 2827; x_wconf 90' lang='lat' dir='ltr'><strong>p.</strong></span> <span class='ocrx_word' id='word_1_209' title='bbox 1860 2774 1978 2830; x_wconf 89' lang='lat'><strong>175.)</strong></span> <span class='ocrx_word' id='word_1_210' title='bbox 1997 2775 2062 2820; x_wconf 93' lang='lat' dir='ltr'><strong>sic</strong></span> <span class='ocrx_word' id='word_1_211' title='bbox 2079 2774 2187 2819; x_wconf 89' lang='lat' dir='ltr'><strong>scri-</strong></span> 
     </span>
     <span class='ocr_line' id='line_1_32' title="bbox 474 2865 2188 2922; baseline 0.003 -13"><span class='ocrx_word' id='word_1_212' title='bbox 474 2866 625 2910; x_wconf 75' lang='lat' dir='ltr'><strong>bentit</strong></span> <span class='ocrx_word' id='word_1_213' title='bbox 646 2865 813 2918; x_wconf 89' lang='lat' dir='ltr'><strong>„Since</strong></span> <span class='ocrx_word' id='word_1_214' title='bbox 836 2867 979 2911; x_wconf 92' lang='lat' dir='ltr'><strong>much</strong></span> <span class='ocrx_word' id='word_1_215' title='bbox 1001 2866 1184 2911; x_wconf 87' lang='lat' dir='ltr'><strong>trouble</strong></span> <span class='ocrx_word' id='word_1_216' title='bbox 1207 2868 1290 2912; x_wconf 93' lang='lat' dir='ltr'><strong>has</strong></span> <span class='ocrx_word' id='word_1_217' title='bbox 1309 2867 1431 2912; x_wconf 91' lang='lat' dir='ltr'><strong>been</strong></span> <span class='ocrx_word' id='word_1_218' title='bbox 1447 2869 1620 2913; x_wconf 86' lang='lat' dir='ltr'><strong>caused</strong></span> <span class='ocrx_word' id='word_1_219' title='bbox 1637 2869 1752 2913; x_wconf 90' lang='lat' dir='ltr'><strong>here</strong></span> <span class='ocrx_word' id='word_1_220' title='bbox 1768 2869 1833 2922; x_wconf 86' lang='lat' dir='ltr'><strong>by</strong></span> <span class='ocrx_word' id='word_1_221' title='bbox 1848 2870 1928 2914; x_wconf 90' lang='lat' dir='ltr'><strong>the</strong></span> <span class='ocrx_word' id='word_1_222' title='bbox 1944 2870 2124 2922; x_wconf 81' lang='lat' dir='ltr'><strong>neglect</strong></span> <span class='ocrx_word' id='word_1_223' title='bbox 2140 2869 2188 2914; x_wconf 76' lang='lat' dir='ltr'><strong>of</strong></span> 
     </span>
     <span class='ocr_line' id='line_1_33' title="bbox 474 2960 2186 3017; baseline 0.004 -14"><span class='ocrx_word' id='word_1_224' title='bbox 474 2974 502 3003; x_wconf 93' lang='lat' dir='ltr'><strong>a</strong></span> <span class='ocrx_word' id='word_1_225' title='bbox 522 2974 742 3004; x_wconf 91' lang='lat' dir='ltr'><strong>common</strong></span> <span class='ocrx_word' id='word_1_226' title='bbox 765 2960 910 3004; x_wconf 92' lang='lat' dir='ltr'><strong>idiom</strong></span> <span class='ocrx_word' id='word_1_227' title='bbox 931 2960 966 3004; x_wconf 94' lang='lat' dir='ltr'><strong>it</strong></span> <span class='ocrx_word' id='word_1_228' title='bbox 989 2975 1098 3012; x_wconf 90' lang='lat' dir='ltr'><strong>may</strong></span> <span class='ocrx_word' id='word_1_229' title='bbox 1120 2960 1181 3005; x_wconf 92' lang='lat' dir='ltr'><strong>be</strong></span> <span class='ocrx_word' id='word_1_230' title='bbox 1203 2962 1310 3006; x_wconf 90' lang='lat' dir='ltr'><strong>well</strong></span> <span class='ocrx_word' id='word_1_231' title='bbox 1336 2970 1383 3006; x_wconf 90' lang='lat' dir='ltr'><strong>to</strong></span> <span class='ocrx_word' id='word_1_232' title='bbox 1405 2963 1498 3006; x_wconf 91' lang='lat' dir='ltr'><strong>add</strong></span> <span class='ocrx_word' id='word_1_233' title='bbox 1515 2963 1612 3007; x_wconf 88' lang='lat' dir='ltr'><strong>that</strong></span> <span class='ocrx_word' id='word_1_234' title='bbox 1635 2964 1861 3016; x_wconf 90' lang='lat' dir='ltr'><strong>„protegit</strong></span> <span class='ocrx_word' id='word_1_235' title='bbox 1880 2972 2018 3016; x_wconf 85' lang='lat' dir='ltr'><strong>caput</strong></span> <span class='ocrx_word' id='word_1_236' title='bbox 2037 2963 2186 3017; x_wconf 88' lang='lat' dir='ltr'><strong>qualis</strong></span> 
     </span>
     <span class='ocr_line' id='line_1_34' title="bbox 474 3053 2186 3110; baseline 0.004 -13"><span class='ocrx_word' id='word_1_237' title='bbox 474 3053 827 3098; x_wconf 87' lang='lat' dir='ltr'><strong>Amazonidum</strong></span> <span class='ocrx_word' id='word_1_238' title='bbox 858 3053 996 3099; x_wconf 89' lang='lat' dir='ltr'><strong>turba</strong></span> <span class='ocrx_word' id='word_1_239' title='bbox 1025 3055 1268 3100; x_wconf 90' lang='lat' dir='ltr'><strong>lavantur&#39;’</strong></span> <span class='ocrx_word' id='word_1_240' title='bbox 1291 3056 1406 3100; x_wconf 92' lang='lat' dir='ltr'><strong>does</strong></span> <span class='ocrx_word' id='word_1_241' title='bbox 1429 3056 1575 3101; x_wconf 89' lang='lat' dir='ltr'><strong>notin</strong></span> <span class='ocrx_word' id='word_1_242' title='bbox 1590 3057 1670 3101; x_wconf 91' lang='lat' dir='ltr'><strong>the</strong></span> <span class='ocrx_word' id='word_1_243' title='bbox 1692 3058 1806 3102; x_wconf 91' lang='lat' dir='ltr'><strong>least</strong></span> <span class='ocrx_word' id='word_1_244' title='bbox 1831 3058 1978 3110; x_wconf 85' lang='lat' dir='ltr'><strong>imply</strong></span> <span class='ocrx_word' id='word_1_245' title='bbox 1994 3059 2091 3103; x_wconf 89' lang='lat' dir='ltr'><strong>that</strong></span> <span class='ocrx_word' id='word_1_246' title='bbox 2106 3059 2186 3103; x_wconf 92' lang='lat' dir='ltr'><strong>the</strong></span> 
     </span>
    </p>
   </div>
   <div class='ocr_carea' id='block_1_10' title="bbox 474 3147 2186 3204">
    <p class='ocr_par' dir='ltr' id='par_1_16' title="bbox 474 3147 2186 3204">
     <span class='ocr_line' id='line_1_35' title="bbox 474 3147 2186 3204; baseline 0.003 -12"><span class='ocrx_word' id='word_1_247' title='bbox 474 3147 718 3193; x_wconf 90' lang='lat' dir='ltr'><strong>Amazons</strong></span> <span class='ocrx_word' id='word_1_248' title='bbox 749 3163 877 3193; x_wconf 86' lang='lat' dir='ltr'><strong>wear</strong></span> <span class='ocrx_word' id='word_1_249' title='bbox 907 3149 1106 3194; x_wconf 90' lang='lat' dir='ltr'><strong>helmets</strong></span> <span class='ocrx_word' id='word_1_250' title='bbox 1136 3150 1278 3194; x_wconf 88' lang='lat' dir='ltr'><strong>while</strong></span> <span class='ocrx_word' id='word_1_251' title='bbox 1310 3150 1512 3203; x_wconf 89' lang='lat' dir='ltr'><strong>bathing.</strong></span> <span class='ocrx_word' id='word_1_252' title='bbox 1546 3151 1587 3195; x_wconf 94' lang='lat' dir='ltr'><strong>It</strong></span> <span class='ocrx_word' id='word_1_253' title='bbox 1618 3152 1798 3204; x_wconf 85' lang='lat' dir='ltr'><strong>merely</strong></span> <span class='ocrx_word' id='word_1_254' title='bbox 1815 3166 1977 3197; x_wconf 88' lang='lat' dir='ltr'><strong>means</strong></span> <span class='ocrx_word' id='word_1_255' title='bbox 1994 3153 2090 3197; x_wconf 88' lang='lat' dir='ltr'><strong>that</strong></span> <span class='ocrx_word' id='word_1_256' title='bbox 2107 3153 2186 3197; x_wconf 90' lang='lat' dir='ltr'><strong>the</strong></span> 
     </span>
    </p>
   </div>
   <div class='ocr_carea' id='block_1_11' title="bbox 475 3248 2186 3397">
    <p class='ocr_par' dir='ltr' id='par_1_17' title="bbox 475 3248 2186 3397">
     <span class='ocr_line' id='line_1_36' title="bbox 475 3248 2186 3303; baseline 0.003 -10"><span class='ocrx_word' id='word_1_257' title='bbox 475 3248 670 3301; x_wconf 87' lang='lat' dir='ltr'><strong>Spartan</strong></span> <span class='ocrx_word' id='word_1_258' title='bbox 701 3249 785 3302; x_wconf 82' lang='lat' dir='ltr'><strong>girl</strong></span> <span class='ocrx_word' id='word_1_259' title='bbox 816 3264 967 3294; x_wconf 88' lang='lat' dir='ltr'><strong>wears</strong></span> <span class='ocrx_word' id='word_1_260' title='bbox 998 3265 1025 3294; x_wconf 93' lang='lat' dir='ltr'><strong>a</strong></span> <span class='ocrx_word' id='word_1_261' title='bbox 1056 3250 1231 3294; x_wconf 86' lang='lat' dir='ltr'><strong>helmet</strong></span> <span class='ocrx_word' id='word_1_262' title='bbox 1261 3265 1311 3294; x_wconf 89' lang='lat' dir='ltr'><strong>as</strong></span> <span class='ocrx_word' id='word_1_263' title='bbox 1342 3251 1422 3294; x_wconf 94' lang='lat' dir='ltr'><strong>the</strong></span> <span class='ocrx_word' id='word_1_264' title='bbox 1452 3251 1696 3295; x_wconf 87' lang='lat' dir='ltr'><strong>Amazons</strong></span> <span class='ocrx_word' id='word_1_265' title='bbox 1728 3252 1814 3303; x_wconf 92' lang='lat' dir='ltr'><strong>do;</strong></span> <span class='ocrx_word' id='word_1_266' title='bbox 1846 3253 1939 3296; x_wconf 88' lang='lat' dir='ltr'><strong>and</strong></span> <span class='ocrx_word' id='word_1_267' title='bbox 1971 3252 2005 3297; x_wconf 89' lang='lat' dir='ltr'><strong>it</strong></span> <span class='ocrx_word' id='word_1_268' title='bbox 2021 3268 2186 3298; x_wconf 89' lang='lat' dir='ltr'><strong>occurs</strong></span> 
     </span>
     <span class='ocr_line' id='line_1_37' title="bbox 475 3344 2184 3397; baseline 0.002 -9"><span class='ocrx_word' id='word_1_269' title='bbox 475 3352 523 3388; x_wconf 93' lang='lat' dir='ltr'><strong>to</strong></span> <span class='ocrx_word' id='word_1_270' title='bbox 570 3344 648 3388; x_wconf 91' lang='lat' dir='ltr'><strong>the</strong></span> <span class='ocrx_word' id='word_1_271' title='bbox 693 3351 803 3397; x_wconf 90' lang='lat' dir='ltr'><strong>poet</strong></span> <span class='ocrx_word' id='word_1_272' title='bbox 849 3352 896 3388; x_wconf 91' lang='lat' dir='ltr'><strong>to</strong></span> <span class='ocrx_word' id='word_1_273' title='bbox 945 3344 1153 3389; x_wconf 89' lang='lat' dir='ltr'><strong>mention</strong></span> <span class='ocrx_word' id='word_1_274' title='bbox 1202 3344 1266 3396; x_wconf 87' lang='lat' dir='ltr'><strong>by</strong></span> <span class='ocrx_word' id='word_1_275' title='bbox 1310 3345 1390 3389; x_wconf 93' lang='lat' dir='ltr'><strong>the</strong></span> <span class='ocrx_word' id='word_1_276' title='bbox 1427 3359 1533 3397; x_wconf 88' lang='lat' dir='ltr'><strong>way</strong></span> <span class='ocrx_word' id='word_1_277' title='bbox 1565 3346 1661 3390; x_wconf 94' lang='lat' dir='ltr'><strong>that</strong></span> <span class='ocrx_word' id='word_1_278' title='bbox 1691 3345 1935 3391; x_wconf 91' lang='lat' dir='ltr'><strong>Amazons</strong></span> <span class='ocrx_word' id='word_1_279' title='bbox 1967 3347 2106 3392; x_wconf 92' lang='lat' dir='ltr'><strong>bathe</strong></span> <span class='ocrx_word' id='word_1_280' title='bbox 2137 3348 2184 3392; x_wconf 91' lang='lat' dir='ltr'><strong>in</strong></span> 
     </span>
    </p>
   </div>
   <div class='ocr_carea' id='block_1_12' title="bbox 477 3437 2187 3495">
    <p class='ocr_par' dir='ltr' id='par_1_18' title="bbox 477 3437 2187 3495">
     <span class='ocr_line' id='line_1_38' title="bbox 477 3437 2187 3495; baseline 0.004 -13"><span class='ocrx_word' id='word_1_281' title='bbox 477 3437 837 3490; x_wconf 87' lang='lat' dir='ltr'><strong>Thermodon&#39;’;</strong></span> <span class='ocrx_word' id='word_1_282' title='bbox 877 3440 1064 3491; x_wconf 89' lang='lat' dir='ltr'><strong>„quales</strong></span> <span class='ocrx_word' id='word_1_283' title='bbox 1096 3439 1418 3484; x_wconf 91' lang='lat' dir='ltr'><strong>Amazonides</strong></span> <span class='ocrx_word' id='word_1_284' title='bbox 1463 3440 1705 3485; x_wconf 86' lang='lat' dir='ltr'><strong>lavantur&#39;’</strong></span> <span class='ocrx_word' id='word_1_285' title='bbox 1752 3463 1804 3479; x_wconf 94' lang='lat'><strong><em>=</em></strong></span> <span class='ocrx_word' id='word_1_286' title='bbox 1848 3443 2037 3495; x_wconf 88' lang='lat' dir='ltr'><strong>„quales</strong></span> <span class='ocrx_word' id='word_1_287' title='bbox 2080 3451 2187 3487; x_wconf 88' lang='lat' dir='ltr'><strong>sunt</strong></span> 
     </span>
    </p>
   </div>
  </div>
 </body>
</html>
