2566 3886
354 853 423 899 13.

353 1330 421 1374 17.

353 2277 421 2322 19.

350 3034 421 3079 24.

1158 245 1395 291 -43-

484 379 662 432 Guyeti
693 380 964 425 conlectura
994 379 1042 424 in
1073 379 1201 424 hunc
1232 387 1502 424 contextum
1521 380 1734 432 quadret.
1762 378 1889 424 Cum
1915 378 2197 423 Housmano

484 472 676 533 (Journ.
723 475 772 520 of
818 474 985 519 Philol.
1038 474 1148 519 Vol.
1195 473 1317 519 XVI
1369 489 1414 527 p.
1462 471 1516 532 2)
1563 475 1707 519 credo
1754 473 2053 526 Propertium
2101 487 2197 518 non

486 569 744 622 iniquus
790 569 872 614 sed
919 568 1135 614 inicus
1183 568 1443 621 scripsisse;
1491 569 1727 614 amicus
1760 568 1897 622 igitur
1928 567 2199 613 coniectura

485 664 599 708 nihil
631 673 701 709 est
731 664 819 709 nisi
849 663 1240 722 παραδιόρθωσις
1269 664 1526 709 manifesta.

485 854 649 899 Verba
695 854 861 899 tradita
907 863 1088 900 mutant
1118 854 1336 899 editores.
1370 853 1485 898 Non
1518 861 1659 906 recte,
1693 868 1802 898 nam
1834 853 1963 905 quod
1995 852 2197 897 verbum

483 949 625 994 dico
656 949 897 1002 omittitur,
929 949 977 994 id
1009 949 1108 994 vitii
1141 949 1368 994 indicium
1400 963 1496 993 non
1528 958 1616 993 est:
1635 949 1692 993 cf.
1712 948 1798 1001 ΙΙΙ,
1818 947 1979 992 24.11.
2005 947 2196 992 Malus

483 1052 638 1089 autem
670 1058 878 1089 rumor
908 1058 994 1088 cur
1024 1058 1120 1088 non
1152 1043 1356 1096 potuerit
1386 1043 1479 1088 dici
1511 1058 1538 1088 a
1570 1043 1817 1096 Propertio
1849 1051 1953 1095 post
1984 1057 2040 1087 ea
2077 1056 2197 1094 quae

483 1155 561 1184 vv.
595 1139 635 1184 7.
668 1139 695 1184 8
728 1139 1007 1184 memoravit
1029 1149 1166 1193 poeta
1183 1153 1279 1183 non
1297 1138 1441 1192 magis
1457 1154 1599 1191 quam
1619 1139 1674 1183 L.
1694 1138 1959 1184 Muellerus
1977 1137 2195 1189 intelligo.

485 1330 557 1374 Ex
589 1329 804 1375 versibus
836 1329 998 1382 quales
1030 1329 1226 1383 legimus
1256 1329 1452 1374 Anthol.
1486 1329 1583 1374 Pal.
1616 1329 1678 1374 V.
1714 1329 1812 1374 171.
1846 1328 1894 1374 3:

633 1422 726 1469 εἴθ’
760 1422 827 1467 ἐπ’
861 1427 991 1481 ἐμοῖς
1019 1430 1107 1468 νῦν
1131 1424 1305 1482 χείλεσι
1334 1424 1492 1482 χείλεα
1521 1424 1664 1469 θεῖσα

633 1522 855 1564 ἀπνευστὶ
884 1521 1051 1577 ψυχὰν
1079 1522 1163 1563 τὰν
1193 1523 1245 1564 ἐν
1274 1522 1380 1577 ἐμοὶ
1408 1523 1609 1578 προπίοι

482 1614 705 1660 discimus
767 1615 1079 1660 Passeratium
1141 1616 1316 1669 optime
1378 1631 1437 1661 ex
1484 1615 1679 1661 vetustis
1726 1614 1855 1659 libris
1901 1613 2195 1667 reposuisse:

483 1709 715 1754 animam
749 1711 1029 1762 deponere
1057 1711 1243 1756 labris.
1260 1709 1399 1769 (Vid.
1414 1712 1553 1756 etiam
1568 1710 1826 1756 Burmanni
1846 1709 2194 1754 annotationem

484 1805 543 1849 ad
574 1805 702 1850 hunc
733 1803 966 1863 versum).

485 1899 742 1944 Burmanni
803 1901 1073 1945 coniectura
1124 1902 1359 1953 aptatis
1421 1917 1506 1954 pro
1565 1900 1802 1954 optatis
1857 1900 1990 1945 facile
2036 1914 2197 1944 carere

483 2009 745 2046 possumus,
793 1995 851 2040 cf.
899 1996 1026 2040 locos
1073 2011 1192 2048 quos
1240 1997 1347 2042 citat
1395 1996 1717 2041 Rothsteinius
1755 2011 1799 2048 p.
1833 1994 1903 2040 32.
1937 1994 2196 2047 Postgatius

485 2089 640 2134 minus
672 2089 869 2135 feliciter
899 2090 1046 2135 edidit
1077 2107 1124 2135 m
1133 2107 1159 2136 e
1169 2107 1215 2136 m
1226 2092 1256 2136 b
1267 2092 1355 2136 ris.

482 2278 591 2323 Van
624 2279 926 2325 Herwerden
959 2277 1306 2338 (Coniectanea
1339 2282 1518 2333 Latina,
1553 2281 1886 2334 Mnemosyne,
1919 2280 1983 2325 N.
2002 2279 2047 2325 S.
2068 2279 2195 2324 1873.

483 2388 527 2426 p.
543 2371 657 2431 427)
674 2374 894 2420 coniecit:
916 2390 1012 2420 non
1036 2384 1122 2429 ego
1154 2377 1450 2428 complexu
1482 2377 1611 2429 potui
1645 2377 1914 2421 secedere
1946 2371 2196 2432 vestro.¹)

483 2467 576 2513 Sed
623 2468 745 2514 bene
792 2469 992 2522 explicat
1036 2470 1094 2515 R.
1142 2470 1337 2515 Richter
1382 2468 1600 2529 (Bericht
1643 2470 1757 2516 aber
1800 2471 2026 2524 Properz.
2060 2470 2195 2521 Burs,

484 2563 604 2607 Bnd.
639 2563 707 2616 10,
742 2561 898 2622 1877.)
930 2565 1062 2617 „Der
1092 2565 1217 2610 Vers
1248 2575 1343 2619 sagt
1374 2575 1454 2619 gar
1485 2566 1627 2618 nicht,
1645 2567 1752 2611 dass
1773 2567 1859 2611 der
1882 2566 2081 2610 Dichter
2096 2565 2195 2609 sich

483 2658 612 2702 nicht
643 2658 762 2703 iiber
793 2659 869 2704 die
902 2659 1200 2714 Umarmung
1230 2661 1410 2714 gefreut
1440 2663 1579 2714 hatte,
1611 2663 1817 2707 sondern
1850 2661 2088 2706 constatirt
2104 2675 2195 2704 nur

483 2753 560 2797 die
593 2752 846 2807 Festigkeit
877 2755 1141 2807 derselben,
1173 2756 1250 2800 die
1281 2771 1334 2801 so
1364 2765 1493 2810 gross
1525 2772 1636 2809 war,
1654 2757 1760 2801 dass
1780 2757 1909 2802 nicht
1924 2757 2095 2801 einmal
2112 2757 2195 2800 das

485 2847 775 2893 Erscheinen
808 2849 937 2894 eines
975 2850 1161 2895 Dritten
1194 2851 1271 2895 die
1289 2851 1565 2896 Liebenden
1580 2867 1642 2896 zu
1658 2860 1858 2896 trennen
1876 2851 2193 2896 vermochte'’.

483 3035 563 3081 Ad
596 3038 722 3082 hunc
753 3053 944 3083 versum
976 3048 1166 3084 annotat
1198 3041 1540 3086 Rothsteinius:
1573 3056 1669 3086 was
1702 3041 1914 3093 Properz
1936 3039 2193 3083 veranlasst

484 3130 562 3175 hat
593 3131 692 3175 sich
724 3132 801 3176 die
832 3132 1154 3187 vereinigung
1186 3135 1269 3178 mit
1302 3135 1444 3180 Hebe
1468 3136 1597 3180 nicht
1629 3136 1692 3180 im
1711 3135 1889 3187 olymp
1906 3149 1967 3178 zu
1986 3134 2190 3184 denken,

484 3225 574 3270 wie
606 3241 648 3270 z.
667 3226 719 3270 B.
751 3228 1083 3272 ausdriicklich
1117 3228 1234 3273 Hes.
1267 3230 1419 3282 theog.
1451 3229 1538 3274 953

636 3320 823 3377 αἰδοίην
845 3319 958 3364 ’θέτ’
994 3324 1173 3364 ἄκοιτιν
1204 3325 1255 3365 ἐν
1292 3322 1534 3379 Οὐλύμπῳ
1565 3326 1788 3380 νιφόεντι,

402 3423 428 3469 ¹)
452 3427 498 3461 cf.
523 3428 546 3469 1,
575 3427 628 3461 10.
654 3428 699 3469 93
726 3429 994 3463 Baehrensius:
1018 3430 1218 3466 dimittere.
