2566 3886
346 2306 417 2351 21.

1141 299 1200 305 —
1234 273 1315 318 121
1349 298 1404 304 -·

483 408 605 454 Hor.
640 407 726 460 Ep.
759 407 820 452 ΙΙ.
852 406 894 458 2,
928 405 1011 451 157
1037 414 1082 450 at
1113 404 1150 450 si
1183 403 1372 449 divitiae
1403 403 1685 457 prudentem
1717 403 1919 448 reddere
1949 410 2140 456 possent

482 504 520 549 si
552 503 776 556 cupidum
807 501 1121 554 timidumque
1152 499 1308 545 minus
1340 508 1399 552 te,
1431 513 1603 551 nempe
1635 498 1845 551 ruberes,

480 599 663 644 viveret
694 597 742 642 in
773 597 909 642 terris
940 605 986 642 te
1017 596 1055 640 si
1087 595 1191 649 quis
1222 594 1407 640 avarior
1439 608 1557 639 uno

480 693 726 738 Vahlenus
762 670 995 745 intelligit}
1038 691 1090 736 si
1122 690 1271 743 quis
1303 704 1469 735 unus
1500 698 1561 734 te
1591 689 1866 733 avarior
1896 688 2196 740 viveret;

483 788 566 833 sed
598 803 706 833 cum
739 786 971 840 Postgatio
1002 784 1305 838 comparandi
1337 792 1467 829 sunt:
1501 783 1605 829 Cat.
1641 782 1738 828 107.
1771 783 1822 827 7:
1855 783 1960 836 quis
1992 798 2069 827 me
2102 798 2198 828 uno

479 882 792 928 vivitielicior
822 878 1006 939 (than
1039 895 1134 932 my
1165 878 1505 932 specially
1536 878 1872 923 favoured
1904 875 2195 936 seli),Cic.

478 978 588 1023 fam.
635 977 676 1021 7.
727 976 796 1021 16.
846 974 896 1020 3:
944 982 1123 1020 constat
1171 973 1298 1019 enim
1346 974 1467 1018 inter
1512 988 1677 1018 omnes
1723 973 1962 1018 neminem
2011 981 2057 1017 te
2103 987 2197 1017 uno

480 1071 835 1118 Samarobrivae
867 1069 979 1115 iuris
1010 1068 1280 1123 peritiorem
1312 1083 1429 1113 esse.

481 1262 573 1307 His
604 1261 717 1306 locis
752 1260 1072 1306 Rothsteinius
1103 1260 1233 1305 addit
1263 1259 1402 1305 alium
1438 1259 1579 1313 Prop.
1612 1259 1697 1304 IV.
1730 1259 1772 1311 8,
1804 1259 1861 1305 48

631 1355 832 1401 Lanuvii
863 1356 922 1400 ad
954 1363 1124 1407 portas,
1156 1354 1199 1399 ei
1232 1338 1360 1406 mihi,
1393 1355 1519 1400 solus
1550 1369 1696 1406 eram,

479 1450 930 1506 quodsicexplicat:
954 1451 1028 1495 ad
1052 1451 1231 1495 solas
1256 1449 1547 1495 Lanuvii
1570 1459 1825 1502 portas;
1850 1451 2196 1503 sedpostquam

476 1546 695 1598 vidimus,
712 1560 854 1598 quam
871 1559 1035 1597 parum
1053 1545 1270 1598 praesidii
1285 1545 1333 1590 in
1348 1546 1461 1590 locis
1475 1553 1597 1590 esset
1609 1560 1728 1599 quos
1742 1545 1885 1590 modo
1898 1544 2198 1590 tractavimus

477 1650 604 1687 certe
635 1656 730 1686 non
763 1640 953 1686 ultimae
984 1640 1072 1685 erit
1101 1639 1324 1685 audaciae
1340 1655 1448 1685 cum
1467 1639 1662 1694 Cupero
1693 1654 1779 1692 pro
1821 1655 1842 1684 s
1858 1640 1918 1684 ol
1936 1655 1966 1685 u
1984 1654 2006 1684 s
2063 1647 2197 1684 totus

481 1737 750 1782 emendare.

479 1927 657 1972 Nostro
703 1935 857 1971 autem
904 1926 1022 1977 loco,
1069 1933 1262 1979 propter
1309 1941 1450 1979 quem
1493 1927 1609 1971 haec
1640 1927 1801 1972 omnio
1840 1926 2196 1979 disputavimus,

478 2037 574 2067 non
592 2021 788 2066 dubium
805 2036 908 2066 esse
925 2021 1038 2074 quid
1056 2021 1305 2074 legendum
1323 2021 1379 2066 sit
1395 2021 1646 2067 adiuvante
1664 2021 1897 2075 Postgatio
1914 2036 1990 2066 me
2003 2022 2194 2074 planum

478 2117 644 2162 fecisse
676 2117 843 2162 credo:
876 2117 966 2161 hoc
998 2116 1134 2170 igitur
1165 2116 1269 2161 loco
1302 2116 1398 2161 DV
1430 2132 1597 2162 verum
1630 2132 1842 2162 servasse
1873 2125 2011 2170 patet.

481 2322 739 2360 numquam
771 2307 962 2352 venales
993 2315 1148 2351 essent
1179 2307 1237 2351 ad
1269 2322 1441 2352 munus
1473 2308 1665 2360 amicae,

630 2411 769 2455 atque
801 2417 895 2447 una
925 2402 1057 2447 fieret
1086 2417 1202 2447 cana
1233 2403 1388 2456 puella
1419 2404 1576 2449 domo.

479 2512 574 2542 non
606 2497 716 2550 quia
747 2506 962 2550 septenas
994 2506 1154 2543 noctes
1186 2498 1395 2544 seiuncta
1426 2499 1625 2551 cubaris,

633 2592 833 2637 candida
863 2601 958 2637 tam
989 2592 1130 2637 foedo
1163 2593 1380 2638 bracchia
1410 2595 1514 2639 tusa
1544 2594 1662 2646 viro,

480 2702 575 2732 non
607 2687 717 2739 quia
748 2687 982 2740 peccarim
1014 2685 1184 2744 (testor
1216 2685 1301 2746 te),
1334 2689 1417 2734 sed
1449 2689 1559 2741 quia
1591 2690 1732 2743 vulgo

631 2782 850 2827 formosis
881 2782 1044 2827 levitas
1076 2797 1265 2835 semper
1294 2783 1444 2828 amica
1474 2784 1572 2828 fuit.

482 2876 551 2921 Hi
567 2892 757 2930 quoque
772 2892 952 2929 versus,
969 2892 1088 2930 quos
1104 2878 1318 2929 citavi‚ut
1332 2878 1380 2922 in
1398 2878 1639 2924 codicibus
1653 2879 1881 2932 leguntur,
1899 2879 2194 2932 Propertium

481 2971 738 3024 legentibus
769 2980 957 3024 magnas
988 2972 1215 3025 praebent
1246 2973 1553 3018 difficultates.

483 3065 739 3111 Beroaldus
754 3064 1082 3122 {peccarim
1109 3067 1157 3111 in
1184 3068 1473 3120 peccaris
1500 3069 1708 3113 mutavit.
1725 3069 1866 3114 Hanc
1877 3070 2194 3115 coniecturam

482 3160 519 3204 si
535 3160 802 3213 probamus,
820 3176 914 3206 non
947 3161 1069 3206 bene
1101 3162 1410 3215 intelligimus,
1442 3163 1556 3215 quid
1589 3171 1765 3208 testor
1795 3172 1846 3209 te
1878 3166 1967 3209 hoc
1987 3165 2091 3209 loco
2108 3164 2195 3209 sibi

486 3254 611 3298 velit.
665 3255 851 3307 Lipsius
897 3256 1213 3301 difficultatem
1267 3257 1471 3302 sentiens
1518 3258 1806 3303 detestor
1851 3258 2194 3311 interpretatur,

482 3349 610 3400 quod
657 3349 876 3394 Latinum
923 3366 1018 3395 non
1068 3366 1170 3395 esse
1216 3359 1343 3395 recte
1389 3351 1608 3397 observat
1656 3353 2011 3407 Hertzbergius.
2053 3355 2097 3399 Is
2129 3354 2194 3398 sic

483 3442 834 3496 interpretatur:
882 3460 1006 3497 „non
1055 3454 1099 3491 te
1147 3454 1310 3491 testem
1357 3448 1542 3500 appello
1589 3447 1654 3493 tui
1702 3448 1839 3493 unius
1886 3449 2078 3502 peccati,
2110 3450 2192 3494 sed
