2566 3886
423 3456 455 3502 1)

1151 268 1418 314 —141—

494 419 764 467 Secundum
795 427 1135 474 argumentum,
1167 419 1296 471 quod
1328 427 1490 463 contra
1522 418 1890 471 Hertzbergium
1933 429 2209 472 ceterosque

493 525 679 570 pugnat,
711 516 931 560 cohaeret
960 530 1069 560 cum
1100 514 1190 559 alia
1219 514 1504 566 quaestione.

493 611 705 656 Primum
753 611 879 656 enim
926 610 1062 655 nobis
1108 609 1482 662 investigandum
1530 619 1612 662 est,
1659 611 1899 662 quomodo
1944 625 2110 655 versus
2152 610 2209 655 44

492 707 718 760 legendus
763 714 809 750 et
855 705 1159 758 explicandus
1206 705 1276 749 sit.
1319 705 1652 749 Lachmannus
1698 719 1806 749 cum
1846 705 1971 750 Italis
2002 705 2209 758 scripsit:

645 802 759 854 quid
792 801 921 846 iuvat
951 801 999 845 in
1031 801 1161 845 nullo
1191 815 1370 853 ponere
1402 799 1549 844 verba
1580 798 1724 844 loco?

494 906 541 942 et
571 896 847 949 explicavit:
880 911 994 948 „cur
1030 895 1162 940 nihili
1192 895 1307 940 facis
1338 895 1486 940 verba
1517 895 1545 939 i.
1562 910 1603 939 e.
1636 895 1864 947 promissa
1895 895 2043 940 tua’'?

493 991 713 1044 Jacobus,
730 991 807 1036 cui
827 990 1098 1043 Hertzberg
1120 990 1369 1035 assentitur
1391 998 1606 1035 annotat:
1639 990 1810 1034 verba
1842 990 1894 1035 in
1919 992 2073 1036 nullo
2090 992 2211 1037 loco

493 1101 702 1141 ponere
736 1087 1016 1139 plerumque
1047 1094 1136 1130 est:
1170 1085 1373 1138 „nullam
1406 1085 1565 1130 verbis
1597 1085 1918 1130 auctoritatem
1951 1087 2208 1140 tribuere’';

494 1183 570 1227 hic
586 1181 728 1227 debet
744 1195 866 1226 esse:
887 1181 1088 1232 „nullius
1104 1180 1387 1226 auctoritatis
1403 1181 1480 1226 vel
1513 1180 1736 1233 ponderis
1770 1181 1917 1226 verba
1948 1183 2211 1235 proloqui’'.

494 1276 675 1323 Confer
707 1275 834 1321 enim
866 1276 1037 1328 locum,
1070 1291 1212 1328 quem
1246 1276 1521 1321 Lachmann
1552 1276 1662 1321 citat
1693 1275 1795 1322 Cic.
1828 1278 1888 1322 de
1922 1277 2027 1322 Fin.
2061 1278 2121 1323 II.
2155 1278 2211 1324 28

495 1371 576 1417 90:
594 1372 766 1424 „idque
800 1370 1051 1424 Socratem,
1083 1372 1165 1424 qui
1197 1373 1484 1424 voluptatem
1517 1372 1646 1417 nullo
1678 1373 1781 1417 loco
1813 1382 2042 1426 numerat,
2071 1374 2213 1419 audio

495 1467 729 1512 dicentem
762 1466 854 1511 cibi
885 1466 1239 1532 condimentum
1272 1482 1375 1512 esse
1407 1467 1623 1512 iamem'’.

498 1562 644 1607 Recte
675 1561 811 1614 igitur
843 1560 1043 1614 Risberg
1072 1558 1348 1618 (Emendat.
1381 1572 1426 1608 et
1457 1563 1624 1615 explic.
1651 1562 1792 1615 Prop.
1811 1578 1854 1615 p.
1876 1560 1957 1621 16)
1974 1565 2213 1609 concludit

498 1657 788 1702 Lachmanni
819 1665 1196 1710 sectatorumque
1228 1658 1328 1702 eius
1360 1658 1717 1710 explicationem
1747 1658 1886 1702 nimis
1904 1659 2069 1703 duram
2088 1674 2212 1712 esse;

497 1753 596 1805 ipse
639 1752 776 1805 igitur
812 1752 924 1797 novi
955 1752 1131 1804 aliquid
1163 1752 1465 1805 excogitavit:
1499 1768 1690 1798 versum
1722 1752 1779 1797 44
1812 1754 1873 1798 ita
1904 1754 2213 1808 interpungit:

650 1846 816 1898 Quid?
848 1847 975 1892 iuvat
1006 1856 1052 1892 et
1084 1848 1213 1892 nullo
1244 1861 1422 1899 ponere
1454 1847 1601 1892 verba
1632 1848 1736 1892 loco

497 1952 739 1996 totumque
785 1942 875 1987 loci
921 1957 1097 1987 nexum
1135 1942 1200 1987 sic
1232 1942 1449 1994 exponit:
1483 1942 1646 1994 „Malo
1678 1944 1794 1988 duas
1827 1945 2004 1996 puellas
2036 1945 2211 1990 habere

492 2053 633 2092 quam
677 2053 833 2089 unam,
871 2052 979 2082 nam
1014 2046 1113 2082 tum
1150 2052 1338 2090 semper
1369 2038 1560 2082 alteram
1592 2038 1700 2082 licet
1736 2038 1866 2083 adire
1899 2048 1944 2083 et
1975 2040 2211 2093 repulsam

497 2134 651 2179 minus
681 2133 853 2178 timeo'’
885 2130 1127 2191 (35—42).
1161 2132 1301 2185 [Tum
1333 2133 1480 2178 verba
1511 2134 1611 2186 ipsa
1641 2134 1699 2178 ad
1734 2135 1937 2186 puellam
1961 2135 2082 2180 facta
2099 2137 2214 2181 refe-

498 2243 606 2274 rens
636 2228 784 2281 pergit
797 2230 823 2278 z]
857 2227 1048 2280 „Quare
1080 2236 1197 2281 nega
1226 2236 1273 2272 te
1322 2237 1569 2273 venturam
1602 2230 1679 2274 vel
1726 2230 1852 2282 veni,
1885 2245 2091 2283 aequum
2128 2240 2212 2283 est,

498 2323 789 2376 quoniam
835 2323 1098 2367 alteram
1145 2320 1476 2381 habebo;¹)
1512 2323 1626 2375 quin
1661 2324 1799 2368 etiam
1834 2324 2096 2370 iucundum
2129 2335 2213 2378 est,

500 2426 794 2470 utrocunque
841 2417 983 2462 modo
1026 2417 1335 2469 responderit,
1374 2417 1421 2462 id
1454 2418 1621 2463 leviter
1655 2419 1777 2463 terre
1809 2434 1946 2472 posse
1992 2417 2117 2478 (44).
2162 2420 2217 2465 ld

500 2527 616 2557 vero
647 2512 785 2557 valde
816 2511 1039 2557 acerbum
1072 2521 1155 2564 est,
1187 2512 1224 2557 si
1257 2512 1425 2564 puella,
1458 2522 1760 2566 posteaquam
1793 2514 2005 2567 promisit
2037 2530 2087 2560 se
2111 2530 2214 2560 esse

500 2616 762 2660 venturam,
806 2621 912 2652 sero
955 2607 1163 2659 demum,
1202 2622 1310 2652 cum
1349 2609 1493 2652 altera
1523 2623 1618 2653 non
1651 2608 1819 2660 poterit
1850 2609 2014 2654 adesse
2046 2610 2213 2662 iuberi,

506 2702 741 2748 renuntiat
773 2700 1046 2760 (45—46)”.

501 2796 594 2842 Sed
626 2797 674 2842 in
705 2798 792 2842 hac
824 2812 1014 2850 quoque
1045 2797 1354 2849 explicatione
1379 2797 1595 2849 quamvis
1627 2798 1866 2851 ingeniosa
1897 2814 1992 2843 vox
2021 2815 2092 2844 ve
2109 2800 2218 2844 rba

504 2892 570 2936 sic
604 2892 731 2936 nude
762 2892 911 2943 posita
942 2891 1108 2936 Latine
1140 2906 1235 2936 non
1267 2892 1360 2937 dici
1389 2907 1526 2944 posse
1556 2893 1745 2938 videtur
1775 2908 1862 2945 pro
1887 2909 1918 2946 p
1935 2909 2003 2938 ro
2020 2895 2137 2939 mis
2154 2910 2175 2939 s
2192 2910 2218 2939 a

505 2986 831 3038 puellarum.

509 3079 681 3125 Birtius
711 3077 966 3138 (RhMPh.
998 3079 1070 3131 64,
1101 3096 1146 3133 p.
1179 3079 1266 3125 408
1297 3078 1393 3138 sq.)
1424 3090 1635 3126 nostrum
1668 3096 1859 3127 versum
1892 3082 2057 3127 vertit:
2093 3097 2218 3134 „was

505 3175 607 3219 hast
638 3175 702 3219 du
732 3175 808 3219 fiir
838 3173 1034 3220 Niitzen
1066 3175 1222 3220 davon
1254 3175 1302 3219 in
1334 3175 1524 3220 keinem
1556 3176 1711 3220 dieser
1742 3176 1913 3222 beiden
1946 3177 2078 3221 Faue
2100 3174 2217 3235 (hoc

507 3277 663 3314 tamen
689 3269 858 3313 nullo
890 3269 1030 3313 loco
1062 3268 1320 3322 significare
1352 3284 1448 3314 non
1480 3267 1657 3328 potest)
1688 3271 1778 3315 mir
1809 3271 1915 3316 eine
1948 3271 2218 3323 Mitteilung

504 3460 540 3493 id
566 3470 657 3494 vcro
681 3470 860 3500 nunquam
886 3459 977 3494 dicit
1003 3467 1124 3500 poeta.
