2566 3886
332 1025 404 1070 64.

337 1677 408 1722 72.

340 2235 411 2281 75.

344 2603 415 2649 79.

347 2875 418 2921 80.

350 3237 421 3282 81.

1121 243 1389 289 -328-

464 375 702 427 exposuit:
744 375 933 427 „Deum
966 389 1068 419 sese
1099 389 1202 419 esse
1234 375 1391 427 inepte
1422 374 1561 419 nimis
1592 374 1669 418 hic
1699 374 1955 419 affirmabat
1985 372 2176 425 Caesar,

464 485 572 514 cum
605 470 719 514 illud
749 477 872 513 esset
902 468 1055 521 potius
1086 470 1333 522 agendum,
1351 469 1616 522 Augustum
1631 484 1733 514 esse
1750 484 1911 514 veram
1929 477 1974 514 et
1990 468 2175 522 dignam

465 574 595 618 patre
627 563 833 608 Caesare
865 564 1092 616 prolem’'.

524 657 616 703 Sed
660 666 834 712 quanto
879 657 1046 702 melior
1078 657 1349 702 Baehrensii
1382 659 1675 703 coniectura:
1723 667 1786 702 tu
1833 674 1880 702 m
1898 672 2035 710 eus;
2081 672 2178 702 non

463 762 620 798 tamen
667 767 860 798 necesse
906 767 1015 796 cum
1049 751 1336 796 Marklando
1367 768 1454 806 pro
1486 761 1584 797 est
1615 750 1707 810 (sie
1740 752 1954 805 NFLV;
1987 752 2059 797 D:
2093 750 2180 810 et)

465 863 492 892 e
509 863 540 892 n
571 862 817 900 reponere.

466 1026 585 1070 hoc
633 1041 663 1069 u
681 1041 711 1069 n
733 1041 763 1069 u
782 1040 828 1068 m
861 1032 1134 1076 corruptum
1166 1024 1329 1068 habuit
1361 1024 1700 1077 Baehrensius;
1733 1024 1948 1077 Paleyus,
1980 1033 2031 1069 ut
2061 1025 2182 1070 hoe

466 1136 497 1164 u
515 1135 545 1164 n
563 1135 594 1164 u
612 1135 659 1164 m
707 1119 915 1171 haberet,
962 1118 1090 1163 unde
1136 1118 1379 1171 penderet,
1412 1133 1553 1163 versu
1585 1118 1919 1172 praecendenti
1951 1119 2105 1164 nixa
2135 1118 2184 1163 in

468 1230 499 1258 n
516 1230 584 1258 ac
601 1223 661 1258 ta
692 1213 902 1265 mutavit,
935 1214 1017 1257 sed
1050 1213 1082 1256 h
1099 1228 1128 1257 o
1145 1227 1170 1256 c
1214 1228 1245 1256 u
1263 1228 1294 1256 n
1311 1228 1342 1257 u
1360 1229 1407 1256 m
1439 1213 1667 1266 appositio
1699 1222 1767 1258 est
1799 1213 2006 1267 reliquae
2043 1215 2185 1266 partis

467 1323 658 1360 versus;
691 1308 950 1361 Postgatius
982 1304 1161 1364 (Seleet
1195 1307 1265 1351 El.
1298 1322 1342 1359 p.
1375 1305 1489 1365 220)
1521 1317 1759 1361 comparat
1795 1307 1906 1352 Tae.
1926 1307 1992 1352 H.
2011 1307 2184 1353 11131:

467 1412 795 1457 aspernantem
842 1403 1042 1456 fatigant,
1082 1418 1109 1447 e
1125 1418 1156 1446 x
1173 1411 1190 1446 t
1205 1418 1229 1446 r
1245 1418 1272 1446 e
1289 1418 1336 1446 m
1354 1418 1385 1447 u
1402 1418 1449 1447 m
1482 1418 1529 1447 m
1547 1404 1603 1447 al
1621 1418 1649 1447 o
1665 1419 1690 1447 r
1706 1419 1737 1448 u
1754 1419 1815 1456 m,
1847 1411 1915 1448 tot
1943 1403 2181 1448 fortissimi

468 1499 557 1543 viri
589 1497 841 1550 proditoris
873 1512 1012 1549 opem
1045 1497 1333 1541 invocantes.

471 1676 817 1729 blanditiaeque
848 1676 993 1719 fluant
1024 1690 1109 1727 per
1140 1691 1246 1720 mea
1276 1676 1395 1720 eolla
1425 1690 1573 1720 rosae.

472 1770 953 1824 Blanditiaequ
971 1785 997 1814 e
1058 1779 1333 1823 corruptum
1381 1785 1482 1815 esse
1529 1770 1661 1815 multi
1708 1771 2011 1816 crediderunt
2062 1769 2185 1829 (vid.

471 1866 744 1912 Baehrensii
791 1881 949 1919 appar.
996 1863 1112 1923 cr.);
1160 1867 1244 1910 sed
1290 1881 1314 1910 r
1330 1881 1359 1910 ο
1377 1880 1398 1910 s
1415 1881 1442 1910 a
1458 1881 1484 1910 e
1530 1866 1772 1918 genetivus
1818 1874 1887 1910 est
1929 1865 2186 1919 singularis.

473 1963 516 2007 R
532 1978 562 2007 o
578 1978 599 2007 s
616 1978 643 2007 a
673 1962 892 2015 singulari
912 1976 1112 2006 numero
1128 1976 1215 2013 pro
1234 1961 1400 2014 plurali
1423 1961 1548 2014 apud
1565 1969 1777 2006 nostrum
1794 1961 1978 2014 saepius
1997 1961 2187 2015 legitur:

473 2058 559 2110 IV,
592 2056 633 2109 8,
666 2056 746 2109 403
779 2057 866 2108 III,
899 2055 940 2109 5,
972 2056 1054 2109 223
1087 2056 1173 2108 IV,
1206 2055 1247 2108 2,
1280 2055 1352 2101 40.

474 2235 720 2289 Ingenium
753 2235 873 2288 potis
905 2235 1054 2280 irritet
1085 2234 1229 2279 Musa
1259 2234 1408 2286 poetis

475 2329 707 2382 Quamvis
739 2338 875 2382 neget
907 2329 1253 2381 Lachmannus,
1279 2344 1388 2373 eum
1406 2328 1638 2382 Scaligero
1654 2328 1932 2374 indicativus
1948 2329 2190 2374 restituen-

475 2426 563 2470 dus
592 2433 686 2469 est:
717 2426 911 2481 γνώμην
937 2424 1058 2468 hanc
1090 2439 1192 2468 esse
1209 2424 1462 2468 ostendunt
1483 2423 1737 2468 vocabula:
1764 2423 1909 2476 potis
1997 2423 2189 2476 poetis.

477 2603 725 2656 vulgatam
773 2602 880 2646 satis
911 2609 1068 2646 tuetur
1114 2600 1439 2654 Schippersius
1469 2598 1541 2658 (p.
1573 2598 1682 2658 53);
1715 2600 1810 2645 vid.
1844 2600 2190 2646 Rothsteinium

478 2706 524 2742 et
556 2696 841 2750 Postgatium
873 2694 1054 2754 (Select
1087 2696 1158 2741 El.
1191 2712 1236 2749 p.
1269 2693 1399 2753 222.)

481 2875 525 2920 R
542 2890 569 2920 e
586 2876 616 2920 d
634 2875 664 2919 d
682 2890 709 2919 a
726 2883 743 2918 t
788 2874 903 2919 mihi
950 2874 1170 2919 vitiosum
1217 2874 1418 2926 videtur,
1466 2873 1689 2927 quoniam
1732 2888 1862 2918 arma
1906 2873 1997 2918 iam
2029 2873 2196 2919 tradita

480 2979 601 3015 sunt.
634 2969 958 3023 Schippersius
990 2984 1056 3013 re
1074 2969 1104 3012 d
1122 2968 1218 3013 dit
1249 2968 1516 3021 proposuit;
1549 2977 1634 3021 ego
1666 2968 1850 3012 malim:

482 3064 762 3117 „reddita
792 3064 921 3117 signa
954 3063 1117 3108 Remi:
1150 3079 1261 3108 mox
1293 3063 1421 3108 dabit
1451 3063 1551 3116 ipse
1582 3063 1707 3107 sua'’.

484 3237 578 3281 Pro
624 3236 878 3289 aliquis
926 3235 1027 3280 Itali
1073 3244 1200 3280 recte
1246 3235 1532 3289 scripserunt
1569 3235 1857 3288 aliquid;
1889 3234 2028 3280 nimis
2058 3235 2195 3287 longe

483 3331 651 3375 absunt
712 3346 739 3375 a
798 3330 961 3375 litteris
1014 3330 1192 3375 traditis
1240 3330 1513 3374 Baehrensii
1559 3329 1850 3374 coniectura:
1896 3329 2018 3373 alm
2035 3344 2066 3373 u
2083 3343 2105 3373 s
2149 3336 2196 3373 et

485 3425 753 3470 Housmani
785 3423 927 3482 (JPh.
959 3425 1096 3477 XVI,
1128 3441 1173 3478 p.
1208 3422 1290 3482 16)
1321 3440 1588 3478 aequus.
