2566 3886
288 411 358 457 29.

288 1649 357 1694 16.

1094 279 1332 324 -12-

422 411 578 457 Unica
608 425 696 455 nec
728 409 847 455 desit
878 410 1096 455 ineundis
1127 410 1270 463 gratia
1300 409 1459 455 verbis

421 506 686 551 Verbis:
719 505 895 558 AFN;
928 505 1154 550 dictis:
1187 505 1298 549 DV.

422 602 730 647 Housmanus
760 598 927 659 (JPH.
958 599 1096 652 XXI,
1131 597 1242 657 168)
1273 600 1439 644 collato
1472 598 1566 644 Ov.
1601 599 1719 644 Met.
1750 599 1888 652 XIII,
1923 599 2037 644 127:

419 713 575 751 neque
606 697 736 742 abest
766 696 980 741 facundis
1011 695 1154 749 gratia
1183 695 1318 740 dictis

420 793 668 838 lectionem
715 791 810 836 DV
856 806 1019 835 veram
1067 790 1218 842 ducit;
1266 789 1534 834 difficillima
1594 790 1734 846 optio,
1780 791 1863 835 sed
1894 790 2037 835 tutius
2068 799 2137 835 est

420 889 587 934 ceteris
619 896 931 942 praestantem
964 886 1331 940 Neapolitanum
1364 886 1511 939 sequi,
1528 886 1801 938 praesertim
1819 901 1927 931 cum
1944 885 2137 931 verba

420 984 692 1036 Propertius
750 983 796 1027 in
845 982 1022 1027 deliciis
1069 981 1250 1033 habeat,
1297 981 1471 1026 dicta
1516 990 1672 1026 autem
1719 996 1816 1026 uno
1861 989 1989 1025 tanto
2032 981 2136 1026 loco

420 1081 640 1133 legamus,
660 1078 741 1123 ubi
759 1078 818 1122 de
850 1093 872 1122 s
885 1092 911 1122 c
925 1093 949 1121 r
963 1077 976 1121 i
991 1092 1022 1129 p
1035 1077 1116 1121 tis
1147 1092 1179 1121 v
1193 1092 1220 1121 e
1234 1092 1258 1121 r
1271 1077 1366 1121 bis
1398 1091 1554 1121 sermo
1571 1086 1641 1121 est
1656 1073 1769 1134 (IV.
1790 1075 1885 1121 1.61
1907 1091 1917 1120 :
1953 1076 2135 1122 Ennius

420 1175 597 1219 hirsuta
628 1174 778 1227 cingat
809 1188 893 1218 sua
923 1173 1046 1218 dicta
1076 1170 1290 1230 corona).

1023 1504 1277 1550 ELEGIA
1310 1505 1396 1549 III.

420 1648 692 1700 Osculaque
722 1649 910 1692 admota
940 1662 1128 1692 sumere
1159 1655 1205 1691 et
1235 1661 1365 1691 arma
1396 1661 1552 1691 manu.

420 1743 567 1788 Hunc
619 1758 825 1794 versum,
878 1743 925 1787 in
979 1757 1074 1794 quo
1129 1750 1236 1787 ante
1287 1742 1644 1787 Lachmannum
1692 1743 1825 1788 multi
1872 1743 1961 1787 viri
2008 1744 2133 1788 docti

419 1840 670 1884 haeserunt
699 1837 900 1894 fpropter
930 1854 957 1883 e
972 1847 989 1882 t
1018 1853 1141 1882 arm
1156 1853 1196 1890 a,
1241 1838 1317 1883 ille
1356 1839 1422 1882 sic
1460 1838 1788 1890 interpretatus
1825 1847 1915 1883 est:
1955 1838 2136 1891 „Arma

417 1950 618 1987 sumere,
647 1935 776 1987 quod
806 1934 1004 1979 militum
1034 1943 1116 1986 est,
1146 1935 1205 1979 ad
1234 1934 1510 1979 Venereum
1539 1935 1630 1979 hoc
1657 1934 1832 1979 bellum
1862 1934 2135 1987 Propertius

416 2030 658 2075 transtulit.
685 2030 840 2075 Amor
875 2030 1004 2082 mihi,
1039 2030 1203 2082 inquit,
1228 2038 1273 2074 et
1298 2030 1510 2075 Bacchus
1535 2029 1807 2082 suadebant,
1831 2038 1883 2074 ut
1905 2030 2132 2075 iacentem

416 2127 619 2179 puellam
673 2125 906 2170 submisso
952 2126 1126 2170 lacerto
1172 2125 1339 2170 leviter
1383 2134 1627 2177 tentarem,
1673 2126 1833 2170 oscula
1881 2140 2132 2177 sumerem,

418 2223 607 2266 admoto
640 2221 825 2274 corpori
859 2235 1001 2265 manu
1033 2236 1110 2265 me
1140 2221 1199 2265 ad
1227 2221 1318 2264 hoc
1346 2220 1485 2265 dulce
1511 2220 1686 2265 bellum
1716 2221 1974 2272 pararem’'.

417 2317 674 2369 Comparat
705 2325 861 2361 autem
894 2331 953 2360 ex
985 2324 1144 2360 nostro
1177 2315 1263 2367 ΙΙΙ,
1296 2315 1367 2367 20,
1402 2314 1483 2359 19:

558 2427 700 2464 quam
733 2412 906 2456 multae
936 2419 1044 2456 ante
1076 2411 1193 2456 meis
1225 2411 1395 2455 cedent
1426 2411 1722 2456 sermonibus
1754 2412 1911 2463 horae,

701 2507 857 2552 dulcia
887 2522 1029 2559 quam
1063 2506 1198 2551 nobis
1230 2506 1430 2551 concitat
1462 2522 1624 2551 arma
1654 2507 1835 2551 Venus.

416 2602 508 2648 Sed
552 2603 629 2647 hic
667 2603 797 2648 locus
830 2611 875 2647 et
906 2611 1065 2647 noster
1096 2602 1294 2647 multum
1327 2602 1448 2646 inter
1480 2617 1530 2647 se
1561 2603 1796 2655 differunt,
1828 2618 1936 2648 nam
1969 2605 2073 2649 loco
2105 2619 2132 2649 a

417 2699 723 2743 Lachmanno
754 2698 906 2750 citato,
939 2698 1052 2750 quid
1086 2698 1200 2742 illud
1232 2712 1396 2741 arma
1427 2698 1640 2742 dulcia
1683 2699 2002 2743 concitare
2043 2699 2130 2744 sibi

415 2794 541 2845 velit,
573 2794 724 2838 statim
757 2793 978 2846 intelliget
1009 2793 1089 2846 qui
1121 2793 1231 2837 belli
1261 2801 1402 2845 atque
1434 2793 1623 2838 militiae
1655 2794 1858 2839 Veneris
1881 2810 1976 2840 non
1993 2795 2131 2848 plane

415 2890 658 2943 imperitus
690 2899 784 2942 est;
817 2890 1010 2935 obsceni
1042 2899 1284 2943 praeterea
1315 2891 1362 2934 in
1380 2890 1459 2934 illo
1475 2891 1580 2935 loeo
1597 2890 1712 2935 nihil
1729 2890 1862 2942 inest,
1894 2891 1954 2935 de
1971 2898 2131 2935 nostro

414 3001 531 3030 vero
562 2986 666 3030 loco
683 2985 926 3030 verissime
943 2985 1162 3030 observat
1191 2985 1442 3038 Bellingius
1471 2983 1713 3042 (WklPh.,
1746 2984 1873 3038 1895,
1902 3002 1947 3039 p.
1967 2984 2129 3044 1143):

416 3077 798 3138 ‚,(Lachmanns)
829 3095 995 3125 arma
1032 3096 1275 3125 sumere
1308 3081 1364 3125 ist
1395 3081 1523 3125 nicht
1554 3081 1757 3125 konkret
1787 3090 1938 3134 genug
1969 3097 2048 3126 um
2081 3082 2128 3126 in

416 3177 577 3221 diesen
610 3176 973 3221 anschaulichen
1007 3176 1419 3229 Zusammenhang
1449 3192 1511 3221 zu
1542 3177 1754 3228 passen”.

416 3270 507 3315 Sed
551 3271 639 3315 alia
682 3286 873 3323 quoque
915 3286 1054 3316 causa
1095 3280 1165 3316 est
1206 3286 1291 3316 cur
1322 3286 1513 3316 versum
1545 3287 1600 3317 ea
1631 3273 1780 3317 forma
1811 3288 1904 3325 qua
1934 3274 2128 3319 traditus

415 3367 472 3410 sit
518 3366 577 3410 ab
623 3367 724 3418 ipso
771 3375 909 3418 poeta
954 3367 1178 3418 seriptum
1226 3382 1328 3411 esse
1374 3381 1470 3411 non
1517 3367 1650 3412 facile
1700 3369 1904 3413 credam.
1965 3369 2128 3414 Verba

414 3462 654 3507 admota
686 3477 863 3507 manu
896 3477 1004 3508 cum
1036 3477 1201 3508 arma
1232 3477 1476 3509 sumere
1507 3463 1756 3510 coniuncta
1786 3473 1879 3511 tam
1911 3465 2126 3521 ambigue
