2566 3886
323 1627 395 1674 23.

326 1911 398 1957 37.

1108 261 1381 307 -191-

459 402 598 448 poeta
640 408 743 438 eam
785 392 1003 445 visitavit,
1046 407 1239 445 sperans
1270 407 1374 437 eam
1406 391 1543 437 Isidis
1574 392 1765 437 oblitam
1796 389 1882 450 (cf.
1914 391 2021 437 Tib.
2054 392 2091 444 I,
2123 391 2164 445 3,

456 486 540 547 26)
580 488 687 533 lecti
728 488 816 533 sibi
846 488 1072 533 facturam
1104 488 1302 541 copiam,
1334 488 1463 541 quod
1493 488 1630 541 longe
1660 502 1795 533 secus
1826 487 2010 540 evenit;
2041 488 2167 532 lenta

457 584 583 629 enim
628 583 819 628 bibebat
859 582 1081 635 Cynthia,
1124 597 1280 635 neque
1323 582 1421 627 voti
1452 597 1646 635 compos
1677 582 1817 628 fiebat
1847 591 1998 636 poeta.
2029 581 2168 627 Tunc

457 679 526 723 ira
556 687 710 723 motus
741 678 789 723 in
820 677 985 722 vinum
1017 677 1256 722 invehitur
1286 678 1414 730 quod
1445 678 1707 731 puellarum
1735 678 1936 722 formam
1961 693 2167 722 corrum-

464 782 542 826 pat
572 782 712 826 atque
743 773 1039 825 pessumdet;
1062 774 1144 817 sed
1161 787 1273 818 mox
1288 773 1497 817 animum
1514 781 1699 817 mutans
1715 773 1847 825 ponit
1863 773 2167 824 iracundiam,

457 877 597 922 atque
644 868 692 912 in
739 867 832 912 fine
878 868 969 912 hoe
1015 867 1188 912 solacio
1219 882 1270 911 se
1301 867 1568 911 consolatur
1599 868 1727 919 quod
1759 868 1928 920 puella,
1975 867 2169 912 simulac

459 964 596 1009 Isidis
642 979 773 1009 sacra
803 978 898 1008 non
931 963 1023 1008 iam
1055 963 1190 1014 colet,
1221 962 1265 1007 ei
1296 977 1478 1007 morem
1510 970 1652 1015 geret,
1683 977 1816 1006 amor
1845 962 1987 1014 enim,
2020 962 2170 1014 inquit

457 1068 608 1111 poeta,
651 1059 835 1111 puellae
878 1058 983 1102 viro
1014 1072 1100 1102 suo
1131 1057 1331 1102 carentis
1362 1057 1510 1102 multo
1541 1056 1591 1101 fit
1621 1057 1873 1101 ardentior.
1905 1055 1981 1101 Sic
2012 1056 2170 1101 omnia

458 1154 580 1198 bene
612 1154 872 1206 procedere
902 1152 1222 1198 confitendum
1254 1160 1336 1197 est.

458 1248 505 1294 Si
546 1256 710 1293 contra
751 1248 891 1292 Itesio
911 1229 1112 1293 'auctore
1142 1262 1333 1292 carmen
1366 1247 1476 1292 inde
1507 1261 1535 1291 a
1564 1261 1706 1291 versu
1738 1246 1793 1291 21
1827 1247 1875 1291 in
1907 1247 2023 1292 duas
2054 1247 2169 1291 divi-

460 1344 618 1388 dimus
660 1352 829 1396 partes,
861 1358 957 1388 non
989 1343 1301 1396 intelligimus,
1332 1357 1418 1387 our
1448 1341 1657 1395 Cynthia
1686 1342 1903 1394 quamvis
1932 1357 2082 1387 vacua
2112 1342 2170 1386 sit

458 1439 546 1484 illis
579 1439 796 1484 noctibus
827 1447 992 1492 poetae
1024 1437 1260 1484 desiderio
1291 1453 1387 1482 non
1419 1437 1718 1490 obsequatur.

458 1628 552 1674 Pro
594 1643 723 1673 mea
767 1643 876 1673 eum
922 1628 1138 1679 Heinsio,
1183 1626 1259 1671 cui
1307 1626 1599 1671 Hartmanus
1629 1641 1819 1680 quoque
1849 1626 2168 1679 adstipulatur,

456 1723 704 1776 legendum
748 1738 795 1767 m
809 1737 850 1767 e.

460 1921 685 1958 sertae
717 1912 794 1965 Νς
832 1921 1012 1957 serta
1043 1911 1212 1964 ceteri;

457 2006 689 2053 Sertae
731 2023 899 2053 verum
931 2022 1033 2052 esse
1065 2008 1204 2052 docet
1234 2006 1478 2052 Charisius
1509 2005 1581 2064 (p.
1615 2006 1714 2059 107,
1745 2006 1803 2051 25
1835 2004 1985 2065 Keil):
2017 2015 2169 2059 „serta

461 2111 628 2148 neutro
658 2112 830 2157 genere
861 2103 1082 2148 dicuntur
1098 2136 1109 2147 .
1127 2135 1138 2147 .
1157 2135 1168 2146 .
1187 2136 1198 2147 .
1242 2103 1325 2147 sed
1358 2102 1630 2155 Propertius
1660 2102 1887 2147 feminine
1903 2101 2066 2146 extulit
2082 2101 2167 2146 sic:

459 2206 539 2242 tua
583 2198 906 2252 praependent
952 2197 1182 2243 demissae
1229 2197 1278 2242 in
1309 2198 1478 2250 poeula
1520 2198 1713 2242 sertae.'’
1746 2197 1842 2242 Hic
1874 2196 2011 2250 igitur
2040 2197 2171 2241 locus

459 2291 564 2337 luce
610 2293 779 2338 elarius
825 2302 1064 2345 monstrat,
1108 2307 1194 2338 nos
1225 2293 1327 2338 iure
1360 2292 1726 2346 Neapolitanum
1758 2292 1870 2337 tanti
1902 2292 2081 2344 facere;
2113 2291 2170 2336 cf.

458 2385 676 2440 Solbisky
741 2385 812 2446 (p.
861 2385 988 2446 162),
1036 2388 1137 2434 Leo
1185 2386 1351 2446 (RhM
1398 2387 1609 2440 XXXV,
1653 2403 1698 2441 p.
1745 2385 1873 2446 447),
1921 2388 2171 2433 Housman

457 2480 600 2540 (JPh.
632 2483 769 2535 XXI,
802 2498 846 2536 p.
881 2480 1007 2541 125.)

1045 2905 1300 2951 ELEGIA
1330 2906 1566 2951 XXXIV.

463 3044 566 3089 Cur
596 3045 843 3098 quisquam
874 3045 1039 3090 faciem
1072 3046 1291 3091 dominae
1322 3047 1413 3091 iam
1446 3048 1606 3092 credat
1634 3047 1804 3092 Amori
1820 3047 1847 3092 P

459 3139 576 3183 iam
619 3140 838 3184 credat
884 3139 956 3192 N;
988 3155 1108 3184 non
1146 3141 1355 3185 eredit
1385 3141 1628 3186 DVFL.

460 3233 718 3287 Postgatius
748 3231 917 3291 (Prop.
949 3235 998 3279 in
1032 3233 1160 3286 1880,
1191 3234 1430 3280 Transact.
1463 3235 1656 3281 Cambr.
1689 3236 1775 3280 Ph.
1807 3234 1910 3280 Soc.
1941 3236 2034 3281 vol.
2067 3236 2089 3280 1
2120 3253 2165 3290 p.

461 3326 723 3386 372—386)
753 3344 843 3373 am
860 3329 959 3374 ori
991 3329 1197 3374 retinens
1228 3338 1375 3375 totum
1407 3345 1599 3375 versum
1630 3330 1696 3375 sic
1728 3330 1914 3374 scribit:

461 3437 546 3467 cur
576 3423 822 3476 quisquam
853 3423 1022 3469 faeiem
1054 3424 1272 3470 dominae
1302 3440 1429 3470 nune
1459 3423 1563 3483 (O:
1595 3422 1718 3482 non)
1748 3425 1897 3470 credit
1926 3425 2108 3471 amori?
