2566 3886
372 365 443 410 59.

373 638 445 683 63.

371 1197 443 1243 67.

376 1852 447 1898 68.

1164 237 1432 283 -316-

505 366 712 411 Versum
745 381 854 411 cum
887 366 1216 411 Luetiohanno
1247 366 1424 412 scribo:
1457 367 1728 412 commissas
1759 367 1882 413 acies
1913 376 1999 421 ego
2030 382 2220 421 possum

507 461 692 506 solvere
724 476 755 505 n
772 477 803 506 u
820 469 941 514 pta,
973 462 1029 506 cl.
1062 461 1163 506 eius
1194 470 1492 506 commentat.
1525 461 1817 514 Propertian.
1849 476 1894 515 p.
1926 461 1997 508 20.

508 638 568 683 Et
600 639 690 683 iam
723 647 887 691 quarta
918 639 1041 684 canit
1071 647 1318 684 venturam
1352 639 1523 684 bucina
1554 640 1723 684 lucem.

508 734 602 779 Pro
646 743 707 779 et
752 734 1064 780 Baehrensius
1102 750 1171 779 en
1204 735 1363 787 edidit,
1397 743 1471 787 „at
1501 735 1577 779 hic
1608 734 1824 787 Tarpeia,
1855 735 2006 789 inquit
2038 735 2226 780 Luetio·

508 830 692 875 hannus
723 827 794 887 (p.
830 827 925 887 17),
957 830 1141 883 longam
1174 844 1306 874 suam
1338 830 1596 874 orationem
1629 829 1729 883 ipsa
1759 829 2038 883 abrumpit’'‚
2070 844 2226 883 neque

508 934 663 970 tamen
696 925 916 985 cum‘illo
948 926 1052 970 sed
1084 925 1252 977 scribo,
1286 926 1368 970 sed
1400 934 1454 970 at
1485 940 1594 970 cum
1626 925 1891 971 Fonteinio.
1924 925 2019 971 Pro
2050 926 2227 978 lapsa

507 1034 616 1064 cum
651 1020 697 1064 V
730 1020 1012 1066 Housmano
1044 1029 1265 1066 monente
1297 1018 1441 1079 (JPh.
1473 1020 1635 1073 XXII,
1667 1036 1711 1074 p.
1746 1019 1857 1079 113)
1895 1022 2073 1066 lassa
2109 1021 2225 1075 lego.

506 1198 621 1243 dixit
652 1207 698 1244 et
729 1198 909 1244 incerto
942 1199 1152 1252 permisit
1184 1199 1404 1244 bracchia
1435 1214 1615 1244 somno.

506 1293 807 1339 Vocabulum
862 1294 900 1338 B
913 1309 937 1338 r
950 1309 977 1339 a
990 1309 1016 1339 c
1030 1309 1055 1339 c
1069 1295 1100 1339 h
1116 1294 1183 1346 ia,
1230 1309 1317 1346 pro
1363 1309 1459 1348 quo
1507 1294 1820 1340 Marklandus
1866 1295 1926 1339 lu
1941 1294 2061 1339 min
2075 1309 2103 1339 a
2148 1302 2227 1339 aut

508 1398 735 1441 pectora
765 1390 965 1435 coniecit
981 1405 1077 1434 non
1095 1399 1368 1443 corruptum
1386 1399 1469 1442 est,
1486 1391 1569 1435 sed
1597 1390 1858 1435 bracchia
1887 1389 2226 1442 permittere,

508 1485 638 1529 dare
684 1501 738 1517 =
784 1500 839 1529 se
886 1486 1124 1531 victum
1163 1487 1324 1538 dare,
1357 1501 1418 1531 se
1450 1487 1682 1531 dedere
1713 1487 1803 1532 hoc
1835 1486 1939 1531 loco
1971 1485 2227 1538 improprie

508 1579 770 1625 adhibitum
802 1589 885 1632 est,
917 1581 976 1625 cf.
1009 1581 1095 1633 IV,
1128 1581 1169 1634 3,
1205 1581 1260 1626 12

628 1689 737 1719 cum
769 1675 900 1720 rudis
931 1676 1111 1730 urgenti
1144 1675 1365 1722 bracchia
1394 1677 1518 1722 victa
1549 1676 1673 1722 dedi.

510 1853 668 1898 nescia
698 1853 887 1899 nefariis
918 1854 1193 1900 accubuisse
1225 1856 1361 1901 novis

511 1948 659 1993 Recte
691 1949 891 1994 restituit
924 1949 1168 1995 Livineius
1211 1966 1273 1995 se
1306 1951 1518 2003 furiis3
1550 1950 1796 1995 Vahlenus
1827 1959 1874 1995 et
1906 1949 2227 1995 Rothsteinius

511 2043 735 2089 Iacobum
783 2045 930 2090 secuti
972 2061 1084 2091 vae
1116 2046 1299 2091 furiis
1330 2046 1642 2099 scripserunt;
1675 2047 1758 2091 sed
1790 2046 1876 2091 ista
1906 2045 2228 2090 interiectione

511 2139 809 2194 Propertium
842 2156 938 2186 non
962 2141 1027 2186 uti
1057 2142 1277 2187 observat
1300 2142 1416 2187 Luc.
1435 2142 1699 2187 Muellerus
1715 2140 1942 2200 (Praefat.
1958 2155 2003 2194 p.
2019 2137 2227 2197 XLIII).

380 2316 449 2361 71.
468 2317 538 2362 72.
571 2318 648 2363 illa
677 2319 784 2370 ruit,
816 2320 965 2372 qualis
997 2321 1200 2365 celerem
1232 2335 1381 2372 prope
1413 2319 1769 2365 Thermodonta

632 2413 893 2466 Strymonis
923 2415 1128 2461 abscisso
1159 2416 1309 2460 fertur
1339 2424 1499 2468 aperta
1529 2415 1648 2460 sinu.

512 2509 634 2554 Viro
681 2511 821 2555 docto
870 2510 984 2556 Otto
1005 2509 1045 2569 l)
1092 2509 1390 2569 (Comment.
1436 2512 1483 2556 in
1516 2512 1626 2556 hon.
1660 2509 2034 2555 Reifferscheidii
2066 2523 2110 2561 p.
2143 2505 2227 2566 20)

512 2605 724 2650 concedo
770 2605 972 2651 verbum
1018 2607 1247 2651 ruendi
1299 2631 1352 2638 —
1394 2607 1432 2651 si
1476 2621 1641 2651 sanum
1683 2614 1753 2650 est
1783 2629 1843 2635 —
1873 2605 1963 2649 hoc
1994 2604 2099 2648 loco
2130 2603 2228 2648 fere

513 2699 639 2744 idem
671 2715 774 2745 esse
806 2709 946 2753 atque
978 2702 1041 2746 tu
1059 2716 1222 2747 rere.
1256 2702 1302 2746 Is
1334 2710 1489 2746 autem
1521 2701 1729 2746 confert:

514 2795 600 2847 ΙΙΙ,
635 2795 703 2848 15,
736 2796 793 2841 44
825 2797 973 2841 nescit
1003 2806 1159 2842 vestra
1189 2812 1332 2843 ruens
1363 2797 1432 2842 ira
1462 2797 1640 2842 referre
1671 2797 1843 2850 pedem

514 2890 599 2942 IV,
635 2891 674 2943 l,
708 2891 760 2936 71
825 2907 922 2945 quo
953 2893 1050 2937 ruis
1082 2893 1371 2946 imprudens.

515 2985 636 3031 Hor.
669 2986 714 3032 C
746 2988 783 3039 1,
819 2987 887 3040 16,
922 2988 1079 3042 llsqq.
1112 3004 1200 3034 nec
1232 2989 1479 3034 tremendo
1511 2989 1721 3041 Iuppiter
1751 2988 1851 3040 ipse
1868 3001 2010 3031 ruens
2026 2985 2228 3030 tumultu

517 3081 638 3126 Hor.
652 3081 696 3127 C
724 3083 809 3135 IV,
822 3083 863 3135 4,
878 3084 903 3128 7
1039 3084 1189 3129 fervet
1202 3084 1539 3137 inmensusque
1550 3084 1642 3129 ruit
1656 3083 1890 3136 profundo
1902 3081 2133 3126 Pindarus
2145 3095 2228 3125 ore

516 3176 637 3221 Hor.
671 3177 758 3231 Ep.
791 3178 903 3230 Vll,
938 3179 959 3223 l
994 3194 1103 3232 quo,
1136 3194 1232 3231 quo
1263 3179 1433 3224 scelisti
1463 3178 1636 3224 ruitis?

515 3270 663 3316 Serm.
696 3273 732 3316 Ι.
766 3273 806 3325 7,
838 3273 910 3325 26,
941 3274 1107 3319 ruebat
1136 3274 1311 3319 flumen
1344 3282 1395 3318 ut
1425 3273 1675 3318 hibernum

431 3441 460 3486 1)
512 3444 799 3485 Luctiohannus‚
825 3444 886 3485 qui
914 3443 969 3478 71.
997 3444 1040 3478 72
1068 3451 1150 3484 post
1170 3443 1216 3478 26
1230 3451 1471 3483 transponere
1486 3442 1616 3482 voluit,
1631 3441 1810 3475 refutatus
1823 3447 1881 3475 est
1894 3439 1939 3473 ab
1953 3439 2084 3473 eodem
2096 3437 2179 3471 viro
2193 3438 2228 3471 d.
