2566 3886
1322 252 1353 280 X

423 358 628 404 sermoni
677 358 845 403 Latino
891 358 963 403 vis
994 358 1084 411 fiat,
1116 359 1199 404 sed
1232 358 1312 404 vix
1343 360 1465 405 ullus
1497 375 1662 405 eorum
1694 369 1765 406 est
1794 362 1909 414 quin
1941 363 2002 408 de
2031 379 2090 409 eo
2120 374 2268 411 exstet

424 454 578 507 aliqua
609 454 878 499 coniectura
909 454 1087 499 incerta
1117 454 1325 507 quidem,
1358 456 1441 499 sed
1473 455 1641 508 lepida,
1673 456 1872 510 elegans,
1899 460 2140 503 venusta”.
2173 459 2270 511 Qui

423 565 532 595 cum
563 565 591 594 a
621 564 698 594 me
730 549 919 601 petisset
950 558 1000 594 ut
1031 549 1392 601 disputationem
1425 550 1633 595 criticam
1665 551 1920 597 scriberem
1954 554 2014 598 de
2034 553 2266 606 Propertii

424 644 723 696 carminibus,
770 643 1074 689 libentissime
1106 659 1224 696 opus
1255 653 1494 698 aggressus
1526 660 1622 690 non
1654 645 1702 690 id
1734 646 1805 699 egi
1836 655 1887 691 ut
1917 647 2085 700 quovis
2118 649 2268 702 pretio

425 754 550 784 nova
596 739 922 792 excogitarem,
969 754 1090 793 quae
1131 754 1207 784 res
1238 748 1332 784 tam
1365 740 1510 784 multa
1543 739 1722 785 inutilia
1751 749 1891 794 atque
1921 741 2036 786 falsa
2066 743 2271 795 protulit,

424 835 508 879 sed
540 843 591 879 ut
621 835 728 879 data
757 849 902 887 opera
932 849 1210 887 quaererem
1242 834 1414 888 quibus
1446 834 1815 880 correctionibus
1847 835 1993 880 textui
2012 851 2131 890 opus
2147 846 2269 883 esset

426 930 747 984 Propertiano.
781 929 877 981 Qui
909 938 1065 974 autem
1098 943 1251 973 meam
1277 930 1656 982 qualemcunque
1675 931 2119 977 commentationem
2136 933 2270 986 leget,

424 1039 501 1069 me
547 1024 780 1069 studuisse
826 1024 1019 1076 videbit,
1067 1032 1118 1069 ut
1148 1038 1288 1076 quam
1324 1024 1527 1069 maxime
1559 1038 1746 1077 possem
1778 1025 1990 1071 virorum
2022 1027 2269 1072 doctorum

423 1120 483 1164 de
515 1119 763 1172 Propertio
793 1118 964 1171 scripta
995 1118 1110 1163 mihi
1142 1133 1371 1171 pararem,
1404 1134 1560 1172 neque
1591 1127 1746 1164 tamen
1779 1135 1945 1165 omnes
1976 1121 2269 1167 coniecturas

424 1229 797 1260 commemorare
843 1214 987 1265 volui,
1019 1214 1103 1258 sed
1135 1228 1212 1258 eas
1244 1222 1423 1258 tantum
1455 1229 1576 1266 quae
1608 1215 1723 1259 mihi
1754 1215 1957 1260 maxime
1989 1216 2267 1261 verisimiles

424 1310 721 1355 videbantur.

483 1405 594 1450 Fuit
639 1404 753 1448 mihi
799 1413 956 1448 tamen
1003 1412 1049 1449 et
1094 1403 1210 1448 alius
1256 1403 1362 1448 fons
1393 1403 1673 1456 uberrimus,
1705 1419 1764 1449 ex
1795 1419 1890 1457 quo
1922 1405 2047 1450 haud
2079 1405 2177 1450 scio
2207 1421 2267 1450 an

425 1499 679 1552 plurimum
710 1499 946 1543 hauserim
979 1499 1110 1551 boni;
1142 1514 1347 1551 namque
1373 1498 1589 1551 magister
1605 1513 1739 1543 meus
1751 1499 2160 1552 aestimatissimus,
2177 1515 2271 1552 qua

424 1602 494 1638 est
551 1608 734 1638 summa
794 1593 1095 1645 humanitate,
1142 1594 1339 1638 utendas
1385 1593 1500 1637 mihi
1546 1593 1676 1638 dedit
1721 1594 2010 1639 doctissimas
2057 1609 2163 1639 suas
2209 1596 2268 1640 ad

425 1688 722 1741 Propertium
766 1687 1088 1732 adnotationes
1131 1688 1326 1739 criticas,
1364 1703 1480 1740 quas
1523 1688 1735 1732 nondum
1779 1688 1954 1740 publici
1998 1688 2111 1733 iuris
2148 1689 2269 1734 fecit.

484 1783 868 1827 Fundamentum
914 1791 1070 1827 autem
1117 1783 1231 1827 mihi
1278 1782 1362 1827 tuit
1407 1782 1551 1828 editio
1596 1782 1960 1835 Phillimoriana‚
2006 1798 2128 1835 quae
2173 1784 2271 1828 sola

422 1887 695 1931 apparatum
742 1877 955 1922 criticum
1004 1877 1155 1931 affert3
1204 1877 1476 1923 Baehrensii
1519 1877 1645 1921 enim
1678 1877 1821 1922 editio
1852 1877 1911 1922 ab
1944 1877 1999 1922 iis
2030 1877 2270 1923 codicibus

422 1973 744 2026 proficiscitur,
791 1988 910 2025 quos
956 1973 1098 2018 hodie
1129 1987 1270 2017 nemo
1313 1972 1406 2016 iam
1437 1972 1642 2024 primum
1674 1972 1830 2016 locum
1862 1971 2076 2016 obtinere
2107 1972 2269 2017 credit.

484 2069 560 2113 De
606 2068 848 2113 codicibus
894 2067 1008 2120 quid
1055 2067 1251 2112 sentiam
1298 2067 1506 2112 breviter
1550 2075 1730 2111 tantum
1774 2066 1993 2119 monebo,
2030 2082 2139 2112 cum
2170 2066 2271 2119 ipsa

422 2163 671 2216 disputatio
703 2163 906 2216 singulos
937 2164 1065 2207 locos
1096 2170 1273 2207 tractet.

482 2257 848 2311 Neapolitanum
880 2257 1110 2310 optimum
1143 2257 1313 2301 ducem
1346 2256 1512 2308 habeo,
1544 2257 1627 2301 sed
1659 2256 1740 2307 sic,
1771 2264 1822 2300 ut
1840 2255 2057 2300 codicum
2074 2255 2266 2300 AFDV

422 2352 706 2404 praesidium
738 2352 1060 2405 compluribus
1091 2352 1205 2396 locis
1237 2366 1333 2395 non
1365 2365 1610 2403 spernam;
1643 2359 1852 2395 ceterum
1885 2358 2043 2395 nostra
2072 2349 2269 2395 facimus

422 2462 491 2499 ea,
538 2462 659 2500 quae
706 2447 1024 2492 Phillimorius
1071 2446 1186 2491 dixit
1231 2447 1279 2491 in
1326 2445 1613 2498 praefatione
1659 2445 1895 2490 editionis:
1936 2459 2040 2497 „res
2071 2444 2268 2490 nimium

423 2542 600 2587 incerta
630 2543 732 2587 visa
761 2557 902 2596 quam
935 2550 986 2586 ut
1016 2549 1260 2586 stemmata
1290 2540 1507 2586 codicum
1541 2540 1865 2592 conflaremus,
1897 2555 2005 2584 cum
2037 2554 2185 2584 unum
2218 2539 2269 2584 N

423 2637 590 2681 ceteris
645 2637 878 2682 universis
935 2637 1081 2690 pluris
1134 2635 1401 2680 iaciendum
1461 2649 1563 2679 esse
1617 2635 1860 2687 liqueret”.
1917 2635 1972 2679 In
2029 2633 2270 2678 codicibus

423 2731 721 2777 nominandis
752 2733 919 2776 eadem
952 2731 1063 2784 sigla
1093 2746 1214 2783 quae
1246 2730 1564 2775 Phillimorius
1596 2728 1921 2774 adhibuimus:

533 2921 684 2966 codex
716 2919 1072 2973 Neapolitanus.

592 3047 618 3067 ‚,
714 3014 989 3060 Vossianus.

711 3204 1073 3249 Holkhamicus.

426 2921 474 2965 N
491 2936 502 2965 ε

425 3013 473 3058 Α
489 3028 501 3058 :

426 3109 466 3153 F
484 3124 496 3153 τ
588 3142 615 3161 ,,
713 3109 1029 3154 Florentinus.

427 3204 468 3248 L
482 3219 493 3248 :

427 3299 474 3342 D
484 3314 495 3342 ε
712 3299 1084 3344 Daventriensis.

427 3392 476 3437 N
492 3408 503 3437 ε

721 3393 1329 3440 ottoboniano-Vaticanus.
