<?xml version="1.0" encoding="UTF-8"?>
<!DOCTYPE html PUBLIC "-//W3C//DTD XHTML 1.0 Transitional//EN"
    "http://www.w3.org/TR/xhtml1/DTD/xhtml1-transitional.dtd">
<html xmlns="http://www.w3.org/1999/xhtml" xml:lang="en" lang="en">
 <head>
  <title>
</title>
<meta http-equiv="Content-Type" content="text/html;charset=utf-8" />
  <meta name='ocr-system' content='tesseract 3.04.00' />
  <meta name='ocr-capabilities' content='ocr_page ocr_carea ocr_par ocr_line ocrx_word'/>
</head>
<body>
  <div class='ocr_page' id='page_1' title='image "./adpropertiicarmi00enkpuoft_0050.png"; bbox 0 0 2566 3886; ppageno 0'>
   <div class='ocr_carea' id='block_1_1' title="bbox 328 767 399 812">
    <p class='ocr_par' dir='ltr' id='par_1_1' title="bbox 328 767 399 812">
     <span class='ocr_line' id='line_1_1' title="bbox 328 767 399 812; baseline 0 0"><span class='ocrx_word' id='word_1_1' title='bbox 328 767 399 812; x_wconf 88' lang='lat'><strong>21.</strong></span> 
     </span>
    </p>
   </div>
   <div class='ocr_carea' id='block_1_2' title="bbox 320 1534 391 1580">
    <p class='ocr_par' dir='ltr' id='par_1_2' title="bbox 320 1534 391 1580">
     <span class='ocr_line' id='line_1_2' title="bbox 320 1534 391 1580; baseline 0 -1"><span class='ocrx_word' id='word_1_2' title='bbox 320 1534 391 1580; x_wconf 88' lang='lat'><strong>23.</strong></span> 
     </span>
    </p>
   </div>
   <div class='ocr_carea' id='block_1_3' title="bbox 319 1725 390 1771">
    <p class='ocr_par' dir='ltr' id='par_1_3' title="bbox 319 1725 390 1771">
     <span class='ocr_line' id='line_1_3' title="bbox 319 1725 390 1771; baseline 0.014 -1"><span class='ocrx_word' id='word_1_3' title='bbox 319 1725 390 1771; x_wconf 89' lang='lat'><strong>26.</strong></span> 
     </span>
    </p>
   </div>
   <div class='ocr_carea' id='block_1_4' title="bbox 1144 255 1381 303">
    <p class='ocr_par' dir='ltr' id='par_1_4' title="bbox 1144 255 1381 303">
     <span class='ocr_line' id='line_1_4' title="bbox 1144 255 1381 303; baseline 0.004 -15"><span class='ocrx_word' id='word_1_4' title='bbox 1144 255 1381 303; x_wconf 67' lang='lat'>-34-</span> 
     </span>
    </p>
   </div>
   <div class='ocr_carea' id='block_1_5' title="bbox 466 385 2183 541">
    <p class='ocr_par' dir='ltr' id='par_1_5' title="bbox 466 385 2183 541">
     <span class='ocr_line' id='line_1_5' title="bbox 466 385 2182 447; baseline 0.006 -17"><span class='ocrx_word' id='word_1_5' title='bbox 466 385 547 431; x_wconf 91' lang='lat' dir='ltr'><strong>ubi</strong></span> <span class='ocrx_word' id='word_1_6' title='bbox 612 386 881 439; x_wconf 91' lang='lat' dir='ltr'><strong>compositis</strong></span> <span class='ocrx_word' id='word_1_7' title='bbox 942 402 1037 432; x_wconf 92' lang='lat' dir='ltr'><strong>non</strong></span> <span class='ocrx_word' id='word_1_8' title='bbox 1090 388 1336 442; x_wconf 81' lang='lat' dir='ltr'><strong>significat:</strong></span> <span class='ocrx_word' id='word_1_9' title='bbox 1383 390 1709 444; x_wconf 90' lang='lat' dir='ltr'><strong>depositis,</strong></span> <span class='ocrx_word' id='word_1_10' title='bbox 1756 392 1839 437; x_wconf 92' lang='lat' dir='ltr'><strong>sed</strong></span> <span class='ocrx_word' id='word_1_11' title='bbox 1886 394 2182 447; x_wconf 90' lang='lat' dir='ltr'><strong>conditis,</strong></span> 
     </span>
     <span class='ocr_line' id='line_1_6' title="bbox 467 481 2183 541; baseline 0.005 -16"><span class='ocrx_word' id='word_1_12' title='bbox 467 481 606 526; x_wconf 88' lang='lat' dir='ltr'><strong>Isto</strong></span> <span class='ocrx_word' id='word_1_13' title='bbox 624 497 645 526; x_wconf 94' lang='lat' dir='ltr'><strong>s</strong></span> <span class='ocrx_word' id='word_1_14' title='bbox 691 483 979 527; x_wconf 93' lang='lat' dir='ltr'><strong>libellos</strong></span> <span class='ocrx_word' id='word_1_15' title='bbox 1025 498 1111 528; x_wconf 92' lang='lat' dir='ltr'><strong>cur</strong></span> <span class='ocrx_word' id='word_1_16' title='bbox 1156 499 1252 529; x_wconf 92' lang='lat' dir='ltr'><strong>non</strong></span> <span class='ocrx_word' id='word_1_17' title='bbox 1299 486 1359 529; x_wconf 93' lang='lat' dir='ltr'><strong>de</strong></span> <span class='ocrx_word' id='word_1_18' title='bbox 1406 485 1505 538; x_wconf 90' lang='lat' dir='ltr'><strong>ipsa</strong></span> <span class='ocrx_word' id='word_1_19' title='bbox 1551 485 1796 531; x_wconf 83' lang='lat' dir='ltr'><strong>Theba&#39;ide</strong></span> <span class='ocrx_word' id='word_1_20' title='bbox 1837 487 1985 541; x_wconf 81' lang='lat' dir='ltr'><strong>accipi</strong></span> <span class='ocrx_word' id='word_1_21' title='bbox 2026 489 2183 541; x_wconf 84' lang='lat' dir='ltr'><strong>possit.</strong></span> 
     </span>
    </p>
   </div>
   <div class='ocr_carea' id='block_1_6' title="bbox 463 577 809 631">
    <p class='ocr_par' dir='ltr' id='par_1_6' title="bbox 463 577 809 631">
     <span class='ocr_line' id='line_1_7' title="bbox 463 577 809 631; baseline 0.006 -11"><span class='ocrx_word' id='word_1_22' title='bbox 463 591 559 621; x_wconf 89' lang='lat' dir='ltr'><strong>non</strong></span> <span class='ocrx_word' id='word_1_23' title='bbox 590 577 809 631; x_wconf 76' lang='lat' dir='ltr'><strong>intelligo.</strong></span> 
     </span>
    </p>
   </div>
   <div class='ocr_carea' id='block_1_7' title="bbox 455 769 2181 1306">
    <p class='ocr_par' dir='ltr' id='par_1_7' title="bbox 461 769 1618 823">
     <span class='ocr_line' id='line_1_8' title="bbox 461 769 1618 823; baseline 0.003 -10"><span class='ocrx_word' id='word_1_24' title='bbox 461 783 603 821; x_wconf 85' lang='lat' dir='ltr'><strong>quam</strong></span> <span class='ocrx_word' id='word_1_25' title='bbox 636 769 771 823; x_wconf 88' lang='lat' dir='ltr'><strong>pueri</strong></span> <span class='ocrx_word' id='word_1_26' title='bbox 802 770 970 814; x_wconf 89' lang='lat' dir='ltr'><strong>totiens</strong></span> <span class='ocrx_word' id='word_1_27' title='bbox 1002 785 1163 815; x_wconf 90' lang='lat' dir='ltr'><strong>arcum</strong></span> <span class='ocrx_word' id='word_1_28' title='bbox 1196 770 1369 815; x_wconf 90' lang='lat' dir='ltr'><strong>sentire</strong></span> <span class='ocrx_word' id='word_1_29' title='bbox 1401 772 1618 816; x_wconf 89' lang='lat' dir='ltr'><strong>medullis</strong></span> 
     </span>
    </p>

    <p class='ocr_par' dir='ltr' id='par_1_8' title="bbox 455 863 2181 1306">
     <span class='ocr_line' id='line_1_9' title="bbox 462 863 2181 928; baseline 0.004 -19"><span class='ocrx_word' id='word_1_30' title='bbox 462 863 660 910; x_wconf 83' lang='lat' dir='ltr'><strong>Prorsus</strong></span> <span class='ocrx_word' id='word_1_31' title='bbox 712 865 970 918; x_wconf 88' lang='lat' dir='ltr'><strong>adstipulor</strong></span> <span class='ocrx_word' id='word_1_32' title='bbox 1024 865 1290 910; x_wconf 88' lang='lat' dir='ltr'><strong>Hartmano</strong></span> <span class='ocrx_word' id='word_1_33' title='bbox 1336 864 1440 924; x_wconf 93' lang='lat' dir='ltr'><strong>(De</strong></span> <span class='ocrx_word' id='word_1_34' title='bbox 1488 866 1609 912; x_wconf 88' lang='lat' dir='ltr'><strong>Hor.</strong></span> <span class='ocrx_word' id='word_1_35' title='bbox 1658 866 1816 920; x_wconf 88' lang='lat' dir='ltr'><strong>Poeta,</strong></span> <span class='ocrx_word' id='word_1_36' title='bbox 1863 883 1908 921; x_wconf 90' lang='lat' dir='ltr'><strong>p.</strong></span> <span class='ocrx_word' id='word_1_37' title='bbox 1958 867 2070 928; x_wconf 89' lang='grc'>139)</span> <span class='ocrx_word' id='word_1_38' title='bbox 2115 871 2181 916; x_wconf 89' lang='lat' dir='ltr'><strong>sic</strong></span> 
     </span>
     <span class='ocr_line' id='line_1_10' title="bbox 460 960 2180 1017; baseline 0.003 -12"><span class='ocrx_word' id='word_1_39' title='bbox 460 960 737 1013; x_wconf 83' lang='lat' dir='ltr'><strong>disputanti:</strong></span> <span class='ocrx_word' id='word_1_40' title='bbox 781 960 989 1013; x_wconf 89' lang='lat' dir='ltr'><strong>„sufficit,</strong></span> <span class='ocrx_word' id='word_1_41' title='bbox 1031 970 1082 1006; x_wconf 93' lang='lat' dir='ltr'><strong>ut</strong></span> <span class='ocrx_word' id='word_1_42' title='bbox 1122 961 1304 1014; x_wconf 85' lang='lat' dir='ltr'><strong>opinor,</strong></span> <span class='ocrx_word' id='word_1_43' title='bbox 1346 963 1492 1007; x_wconf 88' lang='lat' dir='ltr'><strong>semel</strong></span> <span class='ocrx_word' id='word_1_44' title='bbox 1534 962 1728 1008; x_wconf 90' lang='lat' dir='ltr'><strong>Amoris</strong></span> <span class='ocrx_word' id='word_1_45' title='bbox 1765 978 1868 1008; x_wconf 89' lang='lat' dir='ltr'><strong>esse</strong></span> <span class='ocrx_word' id='word_1_46' title='bbox 1905 979 2180 1017; x_wconf 89' lang='lat' dir='ltr'><strong>percussum</strong></span> 
     </span>
     <span class='ocr_line' id='line_1_11' title="bbox 459 1056 2181 1112; baseline 0.003 -11"><span class='ocrx_word' id='word_1_47' title='bbox 459 1056 632 1110; x_wconf 83' lang='lat' dir='ltr'><strong>sagitta,</strong></span> <span class='ocrx_word' id='word_1_48' title='bbox 674 1058 947 1110; x_wconf 87' lang='lat' dir='ltr'><strong>praesertim</strong></span> <span class='ocrx_word' id='word_1_49' title='bbox 992 1058 1028 1102; x_wconf 90' lang='lat' dir='ltr'><strong>si</strong></span> <span class='ocrx_word' id='word_1_50' title='bbox 1067 1058 1145 1103; x_wconf 92' lang='lat' dir='ltr'><strong>illa</strong></span> <span class='ocrx_word' id='word_1_51' title='bbox 1181 1074 1267 1111; x_wconf 89' lang='lat' dir='ltr'><strong>per</strong></span> <span class='ocrx_word' id='word_1_52' title='bbox 1303 1074 1408 1104; x_wconf 91' lang='lat' dir='ltr'><strong>ossa</strong></span> <span class='ocrx_word' id='word_1_53' title='bbox 1446 1059 1674 1104; x_wconf 82' lang='lat' dir='ltr'><strong>medullas</strong></span> <span class='ocrx_word' id='word_1_54' title='bbox 1711 1059 1879 1112; x_wconf 81' lang='lat' dir='ltr'><strong>attigit:</strong></span> <span class='ocrx_word' id='word_1_55' title='bbox 1918 1059 1998 1105; x_wconf 94' lang='lat' dir='ltr'><strong>ubi</strong></span> <span class='ocrx_word' id='word_1_56' title='bbox 2035 1062 2181 1107; x_wconf 88' lang='lat' dir='ltr'><strong>semel</strong></span> 
     </span>
     <span class='ocr_line' id='line_1_12' title="bbox 457 1143 2179 1206; baseline 0.003 -9"><span class='ocrx_word' id='word_1_57' title='bbox 457 1152 523 1197; x_wconf 90' lang='lat' dir='ltr'><strong>sic</strong></span> <span class='ocrx_word' id='word_1_58' title='bbox 575 1168 770 1205; x_wconf 91' lang='lat' dir='ltr'><strong>scopum</strong></span> <span class='ocrx_word' id='word_1_59' title='bbox 824 1154 1065 1206; x_wconf 89' lang='lat' dir='ltr'><strong>percussit,</strong></span> <span class='ocrx_word' id='word_1_60' title='bbox 1118 1154 1266 1199; x_wconf 93' lang='lat' dir='ltr'><strong>laetus</strong></span> <span class='ocrx_word' id='word_1_61' title='bbox 1318 1154 1447 1199; x_wconf 90' lang='lat' dir='ltr'><strong>abire</strong></span> <span class='ocrx_word' id='word_1_62' title='bbox 1506 1155 1623 1199; x_wconf 92' lang='lat' dir='ltr'><strong>solet</strong></span> <span class='ocrx_word' id='word_1_63' title='bbox 1668 1155 1823 1200; x_wconf 91' lang='lat' dir='ltr'><strong>Amor</strong></span> <span class='ocrx_word' id='word_1_64' title='bbox 1869 1164 1915 1201; x_wconf 92' lang='lat' dir='ltr'><strong>et</strong></span> <span class='ocrx_word' id='word_1_65' title='bbox 1941 1143 2179 1202; x_wconf 59' lang='lat' dir='ltr'><strong>⁸successu</strong></span> 
     </span>
     <span class='ocr_line' id='line_1_13' title="bbox 455 1248 2181 1306; baseline 0.003 -13"><span class='ocrx_word' id='word_1_66' title='bbox 455 1248 690 1301; x_wconf 77' lang='lat' dir='ltr'><strong>gloriatur,</strong></span> <span class='ocrx_word' id='word_1_67' title='bbox 734 1264 829 1293; x_wconf 92' lang='lat' dir='ltr'><strong>non</strong></span> <span class='ocrx_word' id='word_1_68' title='bbox 871 1248 1042 1294; x_wconf 89' lang='lat' dir='ltr'><strong>iterum</strong></span> <span class='ocrx_word' id='word_1_69' title='bbox 1084 1249 1350 1302; x_wconf 85' lang='lat' dir='ltr'><strong>iterumque</strong></span> <span class='ocrx_word' id='word_1_70' title='bbox 1393 1250 1599 1295; x_wconf 92' lang='lat' dir='ltr'><strong>eundem</strong></span> <span class='ocrx_word' id='word_1_71' title='bbox 1642 1251 1798 1304; x_wconf 90' lang='lat' dir='ltr'><strong>petit”.</strong></span> <span class='ocrx_word' id='word_1_72' title='bbox 1839 1250 2001 1296; x_wconf 79' lang='lat' dir='ltr'><strong>Scribe</strong></span> <span class='ocrx_word' id='word_1_73' title='bbox 2043 1252 2181 1306; x_wconf 77' lang='lat' dir='ltr'><strong>igitur</strong></span> 
     </span>
    </p>
   </div>
   <div class='ocr_carea' id='block_1_8' title="bbox 454 1343 1415 1589">
    <p class='ocr_par' dir='ltr' id='par_1_9' title="bbox 454 1343 1415 1589">
     <span class='ocr_line' id='line_1_14' title="bbox 457 1343 1014 1389; baseline 0.002 -1"><span class='ocrx_word' id='word_1_74' title='bbox 457 1358 566 1388; x_wconf 91' lang='lat' dir='ltr'><strong>cum</strong></span> <span class='ocrx_word' id='word_1_75' title='bbox 600 1343 787 1389; x_wconf 89' lang='lat' dir='ltr'><strong>Dousa:</strong></span> <span class='ocrx_word' id='word_1_76' title='bbox 835 1344 1014 1389; x_wconf 90' lang='lat' dir='ltr'><strong>totis.</strong></span> 
     </span>
     <span class='ocr_line' id='line_1_15' title="bbox 454 1535 1415 1589; baseline 0 -9"><span class='ocrx_word' id='word_1_77' title='bbox 454 1535 638 1580; x_wconf 93' lang='lat' dir='ltr'><strong>Locum</strong></span> <span class='ocrx_word' id='word_1_78' title='bbox 670 1535 732 1580; x_wconf 91' lang='lat' dir='ltr'><strong>ita</strong></span> <span class='ocrx_word' id='word_1_79' title='bbox 763 1536 961 1589; x_wconf 84' lang='lat' dir='ltr'><strong>explico,</strong></span> <span class='ocrx_word' id='word_1_80' title='bbox 993 1545 1044 1581; x_wconf 92' lang='lat' dir='ltr'><strong>ut</strong></span> <span class='ocrx_word' id='word_1_81' title='bbox 1077 1536 1415 1582; x_wconf 87' lang='lat' dir='ltr'><strong>Rothsteinius.</strong></span> 
     </span>
    </p>
   </div>
   <div class='ocr_carea' id='block_1_9' title="bbox 449 1709 2175 2262">
    <p class='ocr_par' dir='ltr' id='par_1_10' title="bbox 453 1709 1543 1780">
     <span class='ocr_line' id='line_1_16' title="bbox 453 1709 1543 1780; baseline 0.001 -9"><span class='ocrx_word' id='word_1_82' title='bbox 453 1726 606 1771; x_wconf 92' lang='lat' dir='ltr'><strong>acrius</strong></span> <span class='ocrx_word' id='word_1_83' title='bbox 638 1726 715 1771; x_wconf 90' lang='lat' dir='ltr'><strong>illa</strong></span> <span class='ocrx_word' id='word_1_84' title='bbox 746 1709 883 1779; x_wconf 92' lang='lat' dir='ltr'><strong>subit,</strong></span> <span class='ocrx_word' id='word_1_85' title='bbox 916 1726 1126 1779; x_wconf 87' lang='lat' dir='ltr'><strong>Pontice,</strong></span> <span class='ocrx_word' id='word_1_86' title='bbox 1158 1727 1195 1772; x_wconf 89' lang='lat' dir='ltr'><strong>si</strong></span> <span class='ocrx_word' id='word_1_87' title='bbox 1228 1742 1321 1780; x_wconf 87' lang='lat' dir='ltr'><strong>qua</strong></span> <span class='ocrx_word' id='word_1_88' title='bbox 1351 1735 1431 1772; x_wconf 91' lang='lat' dir='ltr'><strong>tua</strong></span> <span class='ocrx_word' id='word_1_89' title='bbox 1461 1736 1543 1772; x_wconf 93' lang='lat' dir='ltr'><strong>est.</strong></span> 
     </span>
    </p>

    <p class='ocr_par' dir='ltr' id='par_1_11' title="bbox 449 1822 2175 2262">
     <span class='ocr_line' id='line_1_17' title="bbox 452 1822 2172 1875; baseline 0.002 -9"><span class='ocrx_word' id='word_1_90' title='bbox 452 1822 774 1867; x_wconf 91' lang='lat' dir='ltr'><strong>Rothsteinius</strong></span> <span class='ocrx_word' id='word_1_91' title='bbox 821 1830 1033 1867; x_wconf 89' lang='lat' dir='ltr'><strong>annotat:</strong></span> <span class='ocrx_word' id='word_1_92' title='bbox 1082 1822 1216 1875; x_wconf 88' lang='lat' dir='ltr'><strong>illa,</strong></span> <span class='ocrx_word' id='word_1_93' title='bbox 1264 1822 1341 1867; x_wconf 92' lang='lat' dir='ltr'><strong>die</strong></span> <span class='ocrx_word' id='word_1_94' title='bbox 1389 1822 1569 1868; x_wconf 89' lang='lat' dir='ltr'><strong>Person</strong></span> <span class='ocrx_word' id='word_1_95' title='bbox 1614 1823 1758 1869; x_wconf 91' lang='lat' dir='ltr'><strong>selbst</strong></span> <span class='ocrx_word' id='word_1_96' title='bbox 1787 1824 1907 1869; x_wconf 89' lang='lat' dir='ltr'><strong>wird</strong></span> <span class='ocrx_word' id='word_1_97' title='bbox 1939 1826 2043 1871; x_wconf 91' lang='lat' dir='ltr'><strong>hart</strong></span> <span class='ocrx_word' id='word_1_98' title='bbox 2073 1826 2172 1872; x_wconf 89' lang='lat' dir='ltr'><strong>und</strong></span> 
     </span>
     <span class='ocr_line' id='line_1_18' title="bbox 450 1917 2175 1973; baseline 0.002 -11"><span class='ocrx_word' id='word_1_99' title='bbox 450 1918 619 1971; x_wconf 69' lang='lat' dir='ltr'><strong>kraftig</strong></span> <span class='ocrx_word' id='word_1_100' title='bbox 670 1934 782 1964; x_wconf 92' lang='lat' dir='ltr'><strong>zum</strong></span> <span class='ocrx_word' id='word_1_101' title='bbox 821 1917 1018 1973; x_wconf 84' lang='lat' dir='ltr'><strong>Subiekt</strong></span> <span class='ocrx_word' id='word_1_102' title='bbox 1070 1933 1166 1963; x_wconf 91' lang='lat' dir='ltr'><strong>von</strong></span> <span class='ocrx_word' id='word_1_103' title='bbox 1221 1933 1242 1962; x_wconf 92' lang='lat' dir='ltr'><strong>s</strong></span> <span class='ocrx_word' id='word_1_104' title='bbox 1259 1934 1290 1962; x_wconf 93' lang='lat' dir='ltr'><strong>u</strong></span> <span class='ocrx_word' id='word_1_105' title='bbox 1308 1918 1339 1962; x_wconf 94' lang='lat' dir='ltr'>b</span> <span class='ocrx_word' id='word_1_106' title='bbox 1357 1918 1371 1962; x_wconf 93' lang='lat' dir='ltr'><strong>i</strong></span> <span class='ocrx_word' id='word_1_107' title='bbox 1387 1927 1405 1962; x_wconf 95' lang='lat' dir='ltr'><strong>t</strong></span> <span class='ocrx_word' id='word_1_108' title='bbox 1455 1919 1682 1972; x_wconf 80' lang='lat' dir='ltr'><strong>gemacht,</strong></span> <span class='ocrx_word' id='word_1_109' title='bbox 1729 1935 1806 1965; x_wconf 87' lang='lat' dir='ltr'><strong>wo</strong></span> <span class='ocrx_word' id='word_1_110' title='bbox 1851 1928 1972 1965; x_wconf 88' lang='lat' dir='ltr'><strong>etwa</strong></span> <span class='ocrx_word' id='word_1_111' title='bbox 2017 1935 2043 1966; x_wconf 94' lang='lat' dir='ltr'><strong>c</strong></span> <span class='ocrx_word' id='word_1_112' title='bbox 2060 1936 2091 1966; x_wconf 93' lang='lat' dir='ltr'><strong>u</strong></span> <span class='ocrx_word' id='word_1_113' title='bbox 2108 1935 2175 1966; x_wconf 86' lang='lat' dir='ltr'><strong>ra</strong></span> 
     </span>
     <span class='ocr_line' id='line_1_19' title="bbox 451 2013 2174 2069; baseline 0.002 -11"><span class='ocrx_word' id='word_1_114' title='bbox 451 2013 610 2058; x_wconf 91' lang='lat' dir='ltr'><strong>illiu</strong></span> <span class='ocrx_word' id='word_1_115' title='bbox 627 2029 649 2058; x_wconf 90' lang='lat' dir='ltr'><strong>s</strong></span> <span class='ocrx_word' id='word_1_116' title='bbox 695 2013 899 2067; x_wconf 78' lang='lat' dir='ltr'><strong>gemeint</strong></span> <span class='ocrx_word' id='word_1_117' title='bbox 940 2014 1010 2058; x_wconf 93' lang='lat' dir='ltr'><strong>ist.</strong></span> <span class='ocrx_word' id='word_1_118' title='bbox 1071 2013 1306 2058; x_wconf 91' lang='lat' dir='ltr'><strong>Duritiem</strong></span> <span class='ocrx_word' id='word_1_119' title='bbox 1351 2013 1468 2058; x_wconf 92' lang='lat' dir='ltr'><strong>tollit</strong></span> <span class='ocrx_word' id='word_1_120' title='bbox 1510 2013 1780 2059; x_wconf 90' lang='lat' dir='ltr'><strong>coniectura</strong></span> <span class='ocrx_word' id='word_1_121' title='bbox 1822 2030 1964 2068; x_wconf 89' lang='lat' dir='ltr'><strong>quam</strong></span> <span class='ocrx_word' id='word_1_122' title='bbox 2007 2030 2174 2069; x_wconf 90' lang='lat' dir='ltr'><strong>propo-</strong></span> 
     </span>
     <span class='ocr_line' id='line_1_20' title="bbox 449 2106 2173 2166; baseline 0.001 -11"><span class='ocrx_word' id='word_1_123' title='bbox 449 2111 540 2155; x_wconf 91' lang='lat' dir='ltr'><strong>suit</strong></span> <span class='ocrx_word' id='word_1_124' title='bbox 606 2110 682 2155; x_wconf 89' lang='lat' dir='ltr'><strong>vir</strong></span> <span class='ocrx_word' id='word_1_125' title='bbox 749 2111 914 2155; x_wconf 90' lang='lat' dir='ltr'><strong>doctus</strong></span> <span class='ocrx_word' id='word_1_126' title='bbox 972 2109 1015 2154; x_wconf 89' lang='lat' dir='ltr'><strong>J.</strong></span> <span class='ocrx_word' id='word_1_127' title='bbox 1073 2109 1250 2154; x_wconf 91' lang='lat' dir='ltr'><strong>Hetzel</strong></span> <span class='ocrx_word' id='word_1_128' title='bbox 1311 2106 1550 2166; x_wconf 67' lang='lat' dir='ltr'><strong>(Beitrage</strong></span> <span class='ocrx_word' id='word_1_129' title='bbox 1609 2125 1698 2154; x_wconf 93' lang='lat' dir='ltr'><strong>zur</strong></span> <span class='ocrx_word' id='word_1_130' title='bbox 1759 2109 2024 2163; x_wconf 71' lang='lat' dir='ltr'><strong>Erklarung</strong></span> <span class='ocrx_word' id='word_1_131' title='bbox 2089 2111 2173 2156; x_wconf 89' lang='lat' dir='ltr'><strong>des</strong></span> 
     </span>
     <span class='ocr_line' id='line_1_21' title="bbox 450 2202 2171 2262; baseline 0.001 -12"><span class='ocrx_word' id='word_1_132' title='bbox 450 2205 737 2258; x_wconf 91' lang='lat' dir='ltr'><strong>Propertius,</strong></span> <span class='ocrx_word' id='word_1_133' title='bbox 785 2205 1078 2258; x_wconf 77' lang='lat' dir='ltr'><strong>Dillenburg,</strong></span> <span class='ocrx_word' id='word_1_134' title='bbox 1120 2202 1286 2262; x_wconf 87' lang='lat'>1890):</span> <span class='ocrx_word' id='word_1_135' title='bbox 1318 2203 1470 2249; x_wconf 90' lang='lat' dir='ltr'><strong>acrius</strong></span> <span class='ocrx_word' id='word_1_136' title='bbox 1516 2204 1638 2249; x_wconf 92' lang='lat' dir='ltr'><strong>ille</strong></span> <span class='ocrx_word' id='word_1_137' title='bbox 1682 2204 1830 2257; x_wconf 89' lang='lat' dir='ltr'><strong>subit;</strong></span> <span class='ocrx_word' id='word_1_138' title='bbox 1862 2204 1983 2250; x_wconf 91' lang='lat' dir='ltr'><strong>ille</strong></span> <span class='ocrx_word' id='word_1_139' title='bbox 2014 2213 2171 2251; x_wconf 90' lang='lat' dir='ltr'><strong>autem</strong></span> 
     </span>
    </p>
   </div>
   <div class='ocr_carea' id='block_1_10' title="bbox 450 2300 719 2346">
    <p class='ocr_par' dir='ltr' id='par_1_12' title="bbox 450 2300 719 2346">
     <span class='ocr_line' id='line_1_22' title="bbox 450 2300 719 2346; baseline -0.007 0"><span class='ocrx_word' id='word_1_140' title='bbox 450 2300 605 2346; x_wconf 87' lang='lat' dir='ltr'><strong>Amor</strong></span> <span class='ocrx_word' id='word_1_141' title='bbox 635 2309 719 2345; x_wconf 90' lang='lat' dir='ltr'><strong>est.</strong></span> 
     </span>
    </p>
   </div>
   <div class='ocr_carea' id='block_1_11' title="bbox 448 2491 2168 2642">
    <p class='ocr_par' dir='ltr' id='par_1_13' title="bbox 448 2491 2168 2642">
     <span class='ocr_line' id='line_1_23' title="bbox 449 2491 1120 2545; baseline -0.004 -7"><span class='ocrx_word' id='word_1_142' title='bbox 449 2494 602 2538; x_wconf 92' lang='lat' dir='ltr'><strong>donec</strong></span> <span class='ocrx_word' id='word_1_143' title='bbox 633 2507 800 2537; x_wconf 91' lang='lat' dir='ltr'><strong>manus</strong></span> <span class='ocrx_word' id='word_1_144' title='bbox 830 2491 973 2545; x_wconf 78' lang='lat' dir='ltr'><strong>attigit</strong></span> <span class='ocrx_word' id='word_1_145' title='bbox 1003 2505 1120 2536; x_wconf 88' lang='lat' dir='ltr'><strong>ossa.</strong></span> 
     </span>
     <span class='ocr_line' id='line_1_24' title="bbox 448 2582 2168 2642; baseline -0.001 -9"><span class='ocrx_word' id='word_1_146' title='bbox 448 2589 529 2634; x_wconf 89' lang='lat' dir='ltr'><strong>Ad</strong></span> <span class='ocrx_word' id='word_1_147' title='bbox 575 2589 703 2633; x_wconf 90' lang='lat' dir='ltr'><strong>hunc</strong></span> <span class='ocrx_word' id='word_1_148' title='bbox 749 2589 906 2632; x_wconf 93' lang='lat' dir='ltr'><strong>locum</strong></span> <span class='ocrx_word' id='word_1_149' title='bbox 953 2595 1142 2631; x_wconf 89' lang='lat' dir='ltr'><strong>annotat</strong></span> <span class='ocrx_word' id='word_1_150' title='bbox 1184 2585 1259 2630; x_wconf 89' lang='lat' dir='ltr'><strong>vir</strong></span> <span class='ocrx_word' id='word_1_151' title='bbox 1299 2586 1356 2630; x_wconf 92' lang='lat' dir='ltr'><strong>cl.</strong></span> <span class='ocrx_word' id='word_1_152' title='bbox 1390 2584 1623 2630; x_wconf 83' lang='lat' dir='ltr'><strong>Hartman</strong></span> <span class='ocrx_word' id='word_1_153' title='bbox 1656 2582 1758 2642; x_wconf 91' lang='lat' dir='ltr'><strong>(De</strong></span> <span class='ocrx_word' id='word_1_154' title='bbox 1793 2585 1914 2630; x_wconf 88' lang='lat' dir='ltr'><strong>Hor.</strong></span> <span class='ocrx_word' id='word_1_155' title='bbox 1947 2585 2092 2631; x_wconf 90' lang='lat' dir='ltr'><strong>Poeta</strong></span> <span class='ocrx_word' id='word_1_156' title='bbox 2122 2601 2168 2639; x_wconf 89' lang='lat' dir='ltr'><strong>p.</strong></span> 
     </span>
    </p>
   </div>
   <div class='ocr_carea' id='block_1_12' title="bbox 447 2678 2167 3118">
    <p class='ocr_par' dir='ltr' id='par_1_14' title="bbox 447 2678 2167 3118">
     <span class='ocr_line' id='line_1_25' title="bbox 451 2678 2167 2741; baseline -0.002 -12"><span class='ocrx_word' id='word_1_157' title='bbox 451 2682 591 2741; x_wconf 88' lang='lat'>138):</span> <span class='ocrx_word' id='word_1_158' title='bbox 631 2683 919 2736; x_wconf 91' lang='lat' dir='ltr'><strong>„cuiusnam,</strong></span> <span class='ocrx_word' id='word_1_159' title='bbox 987 2680 1223 2727; x_wconf 75' lang='lat' dir='ltr'><strong>obsecro?</strong></span> <span class='ocrx_word' id='word_1_160' title='bbox 1284 2679 1579 2726; x_wconf 79' lang='lat' dir='ltr'><strong>AmorisneP</strong></span> <span class='ocrx_word' id='word_1_161' title='bbox 1640 2678 1732 2725; x_wconf 91' lang='lat' dir='ltr'><strong>Sed</strong></span> <span class='ocrx_word' id='word_1_162' title='bbox 1794 2680 1899 2733; x_wconf 87' lang='lat' dir='ltr'><strong>quis</strong></span> <span class='ocrx_word' id='word_1_163' title='bbox 1959 2695 2167 2734; x_wconf 87' lang='lat' dir='ltr'><strong>unquam</strong></span> 
     </span>
     <span class='ocr_line' id='line_1_26' title="bbox 448 2775 2167 2832; baseline -0.002 -7"><span class='ocrx_word' id='word_1_164' title='bbox 448 2779 738 2832; x_wconf 91' lang='lat' dir='ltr'><strong>Cupidinem</strong></span> <span class='ocrx_word' id='word_1_165' title='bbox 770 2778 949 2823; x_wconf 91' lang='lat' dir='ltr'><strong>audivit</strong></span> <span class='ocrx_word' id='word_1_166' title='bbox 992 2793 1122 2822; x_wconf 90' lang='lat' dir='ltr'><strong>man</strong></span> <span class='ocrx_word' id='word_1_167' title='bbox 1137 2777 1238 2822; x_wconf 91' lang='lat' dir='ltr'><strong>ibu</strong></span> <span class='ocrx_word' id='word_1_168' title='bbox 1253 2792 1274 2822; x_wconf 91' lang='lat' dir='ltr'><strong>s</strong></span> <span class='ocrx_word' id='word_1_169' title='bbox 1305 2777 1487 2822; x_wconf 87' lang='lat' dir='ltr'><strong>viscera</strong></span> <span class='ocrx_word' id='word_1_170' title='bbox 1517 2776 1763 2821; x_wconf 91' lang='lat' dir='ltr'><strong>hominum</strong></span> <span class='ocrx_word' id='word_1_171' title='bbox 1794 2775 1982 2828; x_wconf 88' lang='lat' dir='ltr'><strong>laniare,</strong></span> <span class='ocrx_word' id='word_1_172' title='bbox 2015 2777 2167 2822; x_wconf 88' lang='lat' dir='ltr'><strong>donec</strong></span> 
     </span>
     <span class='ocr_line' id='line_1_27' title="bbox 447 2870 2167 2928; baseline -0.004 -7"><span class='ocrx_word' id='word_1_173' title='bbox 447 2877 507 2921; x_wconf 90' lang='lat' dir='ltr'><strong>ad</strong></span> <span class='ocrx_word' id='word_1_174' title='bbox 553 2875 653 2928; x_wconf 89' lang='lat' dir='ltr'><strong>ipsa</strong></span> <span class='ocrx_word' id='word_1_175' title='bbox 698 2890 803 2920; x_wconf 91' lang='lat' dir='ltr'><strong>ossa</strong></span> <span class='ocrx_word' id='word_1_176' title='bbox 844 2874 972 2927; x_wconf 78' lang='lat' dir='ltr'><strong>digiti</strong></span> <span class='ocrx_word' id='word_1_177' title='bbox 1014 2873 1115 2918; x_wconf 92' lang='lat' dir='ltr'><strong>eius</strong></span> <span class='ocrx_word' id='word_1_178' title='bbox 1152 2872 1443 2926; x_wconf 89' lang='lat' dir='ltr'><strong>perveniant.</strong></span> <span class='ocrx_word' id='word_1_179' title='bbox 1482 2870 1574 2917; x_wconf 92' lang='lat' dir='ltr'><strong>Sed</strong></span> <span class='ocrx_word' id='word_1_180' title='bbox 1610 2870 1781 2924; x_wconf 78' lang='lat' dir='ltr'><strong>sagittis</strong></span> <span class='ocrx_word' id='word_1_181' title='bbox 1816 2870 1911 2916; x_wconf 92' lang='lat' dir='ltr'><strong>suis</strong></span> <span class='ocrx_word' id='word_1_182' title='bbox 1948 2870 2167 2915; x_wconf 79' lang='lat' dir='ltr'><strong>mortales</strong></span> 
     </span>
     <span class='ocr_line' id='line_1_28' title="bbox 448 2965 2166 3024; baseline -0.003 -8"><span class='ocrx_word' id='word_1_183' title='bbox 448 2970 562 3024; x_wconf 90' lang='lat' dir='ltr'><strong>petit</strong></span> <span class='ocrx_word' id='word_1_184' title='bbox 592 2985 748 3023; x_wconf 86' lang='lat' dir='ltr'><strong>neque</strong></span> <span class='ocrx_word' id='word_1_185' title='bbox 780 2977 1027 3014; x_wconf 91' lang='lat' dir='ltr'><strong>contentus</strong></span> <span class='ocrx_word' id='word_1_186' title='bbox 1059 2977 1142 3020; x_wconf 91' lang='lat' dir='ltr'><strong>est,</strong></span> <span class='ocrx_word' id='word_1_187' title='bbox 1174 2967 1447 3020; x_wconf 86' lang='lat' dir='ltr'><strong>priusquam</strong></span> <span class='ocrx_word' id='word_1_188' title='bbox 1479 2982 1641 3012; x_wconf 89' lang='lat' dir='ltr'><strong>earum</strong></span> <span class='ocrx_word' id='word_1_189' title='bbox 1674 2981 1768 3011; x_wconf 92' lang='lat' dir='ltr'><strong>una</strong></span> <span class='ocrx_word' id='word_1_190' title='bbox 1789 2981 1884 3011; x_wconf 90' lang='lat' dir='ltr'><strong>non</strong></span> <span class='ocrx_word' id='word_1_191' title='bbox 1906 2965 2166 3011; x_wconf 87' lang='lat' dir='ltr'><strong>visceribus</strong></span> 
     </span>
     <span class='ocr_line' id='line_1_29' title="bbox 447 3063 1334 3118; baseline -0.003 -7"><span class='ocrx_word' id='word_1_192' title='bbox 447 3067 613 3118; x_wconf 92' lang='lat' dir='ltr'><strong>solum,</strong></span> <span class='ocrx_word' id='word_1_193' title='bbox 646 3066 729 3110; x_wconf 92' lang='lat' dir='ltr'><strong>sed</strong></span> <span class='ocrx_word' id='word_1_194' title='bbox 761 3073 807 3109; x_wconf 92' lang='lat' dir='ltr'><strong>et</strong></span> <span class='ocrx_word' id='word_1_195' title='bbox 838 3063 1020 3110; x_wconf 91' lang='lat' dir='ltr'><strong>ossibus</strong></span> <span class='ocrx_word' id='word_1_196' title='bbox 1052 3063 1334 3108; x_wconf 88' lang='lat' dir='ltr'><strong>inhaereat”.</strong></span> 
     </span>
    </p>
   </div>
   <div class='ocr_carea' id='block_1_13' title="bbox 447 3160 2164 3497">
    <p class='ocr_par' dir='ltr' id='par_1_15' title="bbox 448 3160 1206 3214">
     <span class='ocr_line' id='line_1_30' title="bbox 448 3160 1206 3214; baseline -0.005 -7"><span class='ocrx_word' id='word_1_197' title='bbox 448 3161 629 3207; x_wconf 76' lang='lat' dir='ltr'><strong>Confer</strong></span> <span class='ocrx_word' id='word_1_198' title='bbox 659 3169 902 3214; x_wconf 89' lang='lat' dir='ltr'><strong>praeterea</strong></span> <span class='ocrx_word' id='word_1_199' title='bbox 931 3160 1018 3205; x_wconf 91' lang='lat' dir='ltr'><strong>hos</strong></span> <span class='ocrx_word' id='word_1_200' title='bbox 1049 3160 1206 3204; x_wconf 85' lang='lat' dir='ltr'><strong>locos:</strong></span> 
     </span>
    </p>

    <p class='ocr_par' dir='ltr' id='par_1_16' title="bbox 447 3251 1966 3309">
     <span class='ocr_line' id='line_1_31' title="bbox 447 3251 1966 3309; baseline -0.004 -8"><span class='ocrx_word' id='word_1_201' title='bbox 447 3256 590 3309; x_wconf 89' lang='lat' dir='ltr'><strong>Prop.</strong></span> <span class='ocrx_word' id='word_1_202' title='bbox 623 3256 683 3308; x_wconf 94' lang='lat' dir='ltr'><strong>II,</strong></span> <span class='ocrx_word' id='word_1_203' title='bbox 716 3254 787 3307; x_wconf 87' lang='lat'><strong>34,</strong></span> <span class='ocrx_word' id='word_1_204' title='bbox 819 3254 902 3300; x_wconf 88' lang='lat'><strong>60:</strong></span> <span class='ocrx_word' id='word_1_205' title='bbox 934 3270 1077 3308; x_wconf 87' lang='lat' dir='ltr'><strong>quem</strong></span> <span class='ocrx_word' id='word_1_206' title='bbox 1109 3254 1254 3307; x_wconf 81' lang='lat' dir='ltr'><strong>tetigit</strong></span> <span class='ocrx_word' id='word_1_207' title='bbox 1284 3254 1406 3299; x_wconf 88' lang='lat' dir='ltr'><strong>iactu</strong></span> <span class='ocrx_word' id='word_1_208' title='bbox 1437 3261 1592 3298; x_wconf 88' lang='lat' dir='ltr'><strong>certus</strong></span> <span class='ocrx_word' id='word_1_209' title='bbox 1622 3253 1682 3297; x_wconf 93' lang='lat' dir='ltr'><strong>ad</strong></span> <span class='ocrx_word' id='word_1_210' title='bbox 1713 3266 1819 3296; x_wconf 89' lang='lat' dir='ltr'><strong>ossa</strong></span> <span class='ocrx_word' id='word_1_211' title='bbox 1848 3251 1966 3295; x_wconf 92' lang='lat' dir='ltr'><strong>deus</strong></span> 
     </span>
    </p>

    <p class='ocr_par' dir='ltr' id='par_1_17' title="bbox 447 3344 2164 3497">
     <span class='ocr_line' id='line_1_32' title="bbox 447 3344 2164 3403; baseline -0.004 -7"><span class='ocrx_word' id='word_1_212' title='bbox 447 3351 541 3396; x_wconf 90' lang='lat' dir='ltr'><strong>Ov.</strong></span> <span class='ocrx_word' id='word_1_213' title='bbox 575 3351 695 3396; x_wconf 90' lang='lat' dir='ltr'><strong>Her.</strong></span> <span class='ocrx_word' id='word_1_214' title='bbox 730 3350 799 3403; x_wconf 90' lang='lat'><strong>16,</strong></span> <span class='ocrx_word' id='word_1_215' title='bbox 831 3349 944 3395; x_wconf 86' lang='lat'><strong>275:</strong></span> <span class='ocrx_word' id='word_1_216' title='bbox 976 3365 1072 3395; x_wconf 92' lang='lat' dir='ltr'><strong>non</strong></span> <span class='ocrx_word' id='word_1_217' title='bbox 1105 3365 1210 3395; x_wconf 90' lang='lat' dir='ltr'><strong>mea</strong></span> <span class='ocrx_word' id='word_1_218' title='bbox 1240 3358 1348 3395; x_wconf 90' lang='lat' dir='ltr'><strong>sunt</strong></span> <span class='ocrx_word' id='word_1_219' title='bbox 1378 3363 1561 3394; x_wconf 89' lang='lat' dir='ltr'><strong>summa</strong></span> <span class='ocrx_word' id='word_1_220' title='bbox 1590 3347 1758 3393; x_wconf 89' lang='lat' dir='ltr'><strong>leviter</strong></span> <span class='ocrx_word' id='word_1_221' title='bbox 1773 3345 1991 3391; x_wconf 88' lang='lat' dir='ltr'><strong>destricta</strong></span> <span class='ocrx_word' id='word_1_222' title='bbox 2005 3344 2164 3398; x_wconf 76' lang='lat' dir='ltr'><strong>sagitta</strong></span> 
     </span>
     <span class='ocr_line' id='line_1_33' title="bbox 990 3442 2160 3497; baseline -0.006 -7"><span class='ocrx_word' id='word_1_223' title='bbox 990 3453 1205 3497; x_wconf 86' lang='lat' dir='ltr'><strong>pectora:</strong></span> <span class='ocrx_word' id='word_1_224' title='bbox 1253 3443 1495 3489; x_wconf 90' lang='lat' dir='ltr'><strong>descendit</strong></span> <span class='ocrx_word' id='word_1_225' title='bbox 1538 3443 1707 3488; x_wconf 90' lang='lat' dir='ltr'><strong>volnus</strong></span> <span class='ocrx_word' id='word_1_226' title='bbox 1750 3442 1809 3486; x_wconf 89' lang='lat' dir='ltr'><strong>ad</strong></span> <span class='ocrx_word' id='word_1_227' title='bbox 1852 3455 1957 3485; x_wconf 87' lang='lat' dir='ltr'><strong>ossa</strong></span> <span class='ocrx_word' id='word_1_228' title='bbox 1987 3454 2160 3484; x_wconf 92' lang='lat' dir='ltr'><strong>meum.</strong></span> 
     </span>
    </p>
   </div>
  </div>
 </body>
</html>
