2566 3886
324 1989 397 2035 21.

1129 239 1366 285 -49-

458 375 558 420 fieri
581 374 776 420 deberet
786 398 826 404 —
835 381 934 418 arta
948 387 1052 418 esse
1066 372 1222 417 vincla
1237 380 1284 417 et
1299 371 1546 424 singularia
1560 385 1751 425 quoque
1767 370 1855 416 sibi
1866 370 2168 423 respondere.

457 468 549 514 Sed
596 483 752 522 neque
789 483 845 513 ea
881 467 1036 512 vincla
1066 466 1282 511 videmus
1313 481 1402 510 nec
1433 474 1758 519 argumentum
1790 474 1836 510 et
1866 465 2051 510 animus
2081 464 2168 509 sibi

457 563 689 609 contraria
718 571 827 608 sunt
855 562 905 607 in
936 571 1135 616 utraque
1165 562 1340 614 parte.”

454 658 502 704 Si
548 674 739 704 carmen
785 673 892 703 cum
942 657 1237 703 Rothsteinio
1267 657 1334 702 sic
1365 656 1635 708 dividimus,
1666 664 1718 701 ut
1748 669 1914 700 versus
1948 654 2092 699 1—24
2123 663 2170 700 et

458 753 516 798 25
562 778 620 785 —
665 754 746 798 ult.
783 768 871 806 pro
909 753 1092 798 duabus
1123 752 1282 805 elegiis
1312 752 1586 802 habeantur,
1618 751 1928 795 vehementer
1958 749 2172 802 displicet

458 849 626 902 prioris
642 848 862 893 carminis
878 847 1003 892 finis:
1017 855 1264 900 postquam
1281 846 1408 891 enim
1425 854 1563 899 poeta
1579 845 1710 890 initio
1725 845 1896 891 acerbe
1913 843 2170 896 Cynthiam

455 943 749 998 perstrinxit:
781 943 892 988 hac
932 951 1132 987 tamen
1169 950 1431 996 excepta
1460 940 1751 994 perfidia,
1782 940 1830 985 in
1861 939 1956 984 fine
1986 939 2172 994 gravior

463 1037 769 1091 reprehensio
798 1035 1073 1089 requiritur3
1109 1036 1236 1088 apud
1270 1036 1617 1081 Rothsteinium
1649 1035 1823 1089 elegiae
1854 1034 1959 1080 finis
1990 1034 2172 1088 egregie

455 1134 655 1186 languet,
692 1141 739 1176 et
776 1140 871 1176 tota
907 1130 1067 1184 elegia,
1098 1145 1221 1183 quae
1253 1140 1358 1183 post
1389 1130 1670 1176 divisionem
1703 1138 1804 1175 orta
1835 1138 1918 1181 est,
1950 1129 2066 1173 nihil
2083 1129 2172 1174 nisi

454 1229 763 1282 fragmentum
802 1241 905 1271 esse
943 1226 1146 1278 videtur,
1185 1240 1294 1271 nam
1332 1226 1438 1278 quis
1485 1226 1646 1271 credat
1694 1225 2009 1278 Propertium,
2040 1239 2171 1278 prae·

458 1325 636 1369 clarum
655 1322 894 1374 artificem,
925 1336 1116 1366 carmen
1133 1320 1355 1372 scribere,
1371 1335 1467 1373 quo
1488 1319 1724 1373 Cynthiae
1740 1319 1912 1365 obiciat
1926 1334 2045 1372 eam,
2062 1334 2171 1364 cum

455 1419 556 1473 ipse
607 1418 655 1463 in
708 1417 919 1472 periculo
962 1425 1191 1468 versetur,
1238 1424 1331 1460 tam
1378 1430 1485 1460 sero
1531 1415 1711 1467 venire,
1758 1414 1932 1460 deinde
1978 1414 2172 1468 elegiam

454 1515 677 1560 claudere
707 1513 784 1559 tali
815 1513 1039 1558 disticho:

606 1625 809 1662 quarum
840 1609 970 1654 nulla
999 1617 1105 1653 tuos
1135 1607 1286 1661 potuit
1316 1615 1596 1652 convertere
1627 1620 1799 1657 mores,

750 1714 800 1749 tu
832 1718 1024 1756 quoque
1056 1703 1122 1748 uti
1154 1702 1291 1748 fieres
1323 1701 1492 1747 nobilis
1523 1699 1748 1745 historia?

458 1895 719 1940 Videamus
750 1909 878 1939 nunc
910 1894 970 1939 de
1001 1893 1177 1946 aliquot
1208 1892 1322 1938 locis
1353 1891 1711 1937 difficilioribus:

459 1989 684 2043 Coniugis
717 1989 915 2034 Euadne
946 1988 1143 2033 miseros
1173 1988 1292 2033 elata
1322 2002 1408 2040 per
1438 1987 1555 2040 ignis

458 2084 628 2130 occidit
659 2099 757 2137 eqs.

459 2180 712 2233 Coniungo
771 2180 933 2224 elata
983 2193 1081 2232 per
1127 2177 1391 2223 miseros
1437 2176 1613 2230 ignis,
1660 2177 1708 2222 id
1758 2186 1828 2222 est
1870 2192 1968 2230 per
2014 2178 2170 2232 ignes

459 2275 740 2320 emicans.
789 2273 836 2320 Si
883 2275 1048 2319 elata
1083 2288 1193 2318 cum
1227 2272 1513 2317 Baehrensio
1544 2272 1826 2317 concitata
1855 2273 1933 2317 vel
1965 2282 2171 2327 magna-

458 2370 605 2414 nima
645 2370 887 2422 vertimus,
918 2369 1200 2423 praepositio
1231 2383 1329 2421 per
1359 2382 1410 2412 se
1442 2382 1537 2412 non
1569 2375 1697 2412 recte
1728 2367 1882 2412 habet.
1915 2367 2042 2413 Nam
2074 2384 2172 2422 per

458 2474 537 2510 aut
567 2474 770 2510 motum
802 2465 1038 2518 significat,
1070 2478 1167 2516 quo
1199 2463 1343 2508 modo
1365 2462 1638 2507 Baehrensii
1655 2462 1965 2514 explicatione
1981 2475 2171 2516 accepta

458 2560 578 2605 verti
595 2575 691 2605 non
707 2569 873 2614 potest,
901 2568 981 2604 aut
1010 2559 1246 2610 modum,
1277 2573 1374 2610 quo
1405 2557 1582 2610 aliquid
1613 2557 1677 2602 fit.
1709 2556 1803 2602 Sed
1834 2558 2043 2603 occidit
2074 2574 2171 2612 per

457 2655 612 2708 ignes
642 2655 709 2700 sic
740 2663 986 2706 acceptum
1017 2653 1156 2698 valde
1187 2653 1385 2705 languet.
1404 2651 1562 2696 Probo
1578 2651 1716 2705 igitur
1733 2652 2015 2698 Rothsteinii
2031 2654 2170 2698 huius

459 2764 624 2795 versus
638 2749 1009 2803 explicationem.
1020 2747 1278 2793 Burmanni
1292 2746 1609 2792 coniecturam
1624 2747 1824 2792 mixtos
1840 2762 1927 2801 pro
1939 2747 2140 2793 misero
2149 2763 2170 2792 s

457 2844 621 2889 falsam
664 2844 830 2895 habeo,
873 2858 969 2888 non
1000 2843 1129 2896 quod
1160 2841 1366 2886 nesciam
1398 2842 1634 2887 miscere
1665 2842 1900 2894 cineres,
1932 2842 2169 2887 miscere

458 2953 584 2983 ossa
615 2938 782 2983 Latine
812 2946 940 2982 recte
973 2937 1080 2988 dici,
1111 2937 1194 2981 sed
1226 2937 1337 2989 quia
1367 2937 1534 2990 ignes,
1566 2952 1675 2981 cum
1709 2936 1908 2981 Euadne
1939 2951 2025 2988 per
2040 2937 2169 2990 ignes

459 3032 640 3084 emicat,
702 3033 914 3077 nondum
976 3032 1107 3076 mixti
1160 3040 1282 3082 sunt,
1338 3040 1384 3075 et
1435 3031 1671 3084 prolepsin
1721 3031 1936 3083 accipere
1983 3031 2170 3076 durissi-

461 3142 591 3171 mum
626 3135 709 3171 est.

458 3314 514 3358 In
554 3322 775 3359 contextu
805 3315 1046 3359 tractando
1082 3314 1220 3358 etiam
1257 3328 1447 3358 versum
1486 3312 1544 3358 29
1579 3313 1811 3366 praeterii,
1848 3313 1929 3358 ubi
1967 3315 2082 3358 haec
2120 3314 2167 3358 in

458 3409 699 3454 codicibus
756 3409 1048 3454 invenimus:
1106 3409 1311 3453 multa
1367 3407 1555 3460 prius
1610 3416 1800 3452 vasto
1851 3407 2170 3453 labentur

2050 3490 2075 3527 4
