2566 3886
1096 247 1361 293 —126—

438 377 667 431 probitate
699 378 977 431 puellarum,
1010 394 1131 432 quae
1163 388 1372 425 amantes
1403 379 1657 432 decipiunt,
1690 389 1735 426 et
1767 382 1826 426 de
1844 382 2014 427 misera
2030 391 2153 428 sorte

437 474 694 519 amantium
727 474 1050 527 deceptorum.

333 664 374 709 7.
438 664 513 709 De
561 663 834 710 Baehrensii
882 665 1004 709 mala
1048 664 1319 710 coniectura
1364 680 1391 710 a
1438 665 1667 711 misere
1700 667 2002 712 conferantur
2033 682 2155 721 quae

437 759 657 804 observat
689 759 804 805 Otto
838 759 1047 805 Hermes
1078 759 1149 805 23.
1182 775 1227 813 p.
1260 759 1331 805 33.

307 948 494 994 13—16.
515 949 589 995 De
606 950 822 996 versibus
847 949 1021 996 13—16
1038 951 1140 996 iure
1158 951 1484 996 Lachmannas
1502 952 1617 997 dixit
1648 952 1804 997 locum
1837 953 1963 997 hand
1995 952 2151 1004 paullo

441 1061 583 1099 quam
608 1046 942 1100 interpretibus
965 1047 1208 1092 videretur
1229 1046 1537 1093 difficiliorem
1561 1062 1678 1100 esse,
1697 1062 1805 1093 nam
1824 1062 1950 1093 nunc
1967 1062 2158 1100 quoque

440 1156 608 1186 versus
642 1139 697 1185 15
728 1140 787 1186 ab
819 1141 919 1186 aliis
950 1141 1083 1186 aliter
1114 1142 1293 1195 legitur.

440 1237 772 1281 Lachmannus
804 1236 904 1289 ipse
936 1252 1078 1282 versu
1113 1236 1167 1282 13
1206 1237 1382 1282 iuvat
1419 1238 1466 1282 in
1507 1237 1684 1283 iubet
1715 1237 1922 1283 mutabat
1953 1246 2160 1290 transpo-

438 1331 674 1384 nebatque
708 1331 778 1376 15.
814 1331 870 1376 16
901 1341 1006 1384 post
1039 1332 1108 1376 12.
1142 1332 1301 1384 „Quid
1335 1334 1439 1385 hoc,
1472 1333 1636 1386 inquit,
1668 1333 1885 1386 quamvis
1907 1333 2085 1379 iuvet
2109 1348 2159 1378 se

441 1442 553 1472 saxo
585 1427 772 1472 deicere
804 1436 883 1472 aut
914 1442 1102 1473 veneno
1134 1428 1303 1480 perire,
1336 1436 1492 1473 tamen
1510 1429 1750 1473 dominam
1767 1429 1892 1473 nolle
1915 1426 2160 1473 mutareP”

438 1520 531 1567 Sed
563 1522 686 1567 bene
718 1522 944 1567 refutatur
975 1522 1033 1567 ab
1067 1521 1384 1576 Hertzbergio
1401 1523 1467 1567 sic
1483 1523 1766 1575 explicante:
1795 1523 2040 1576 „quamvis
2064 1531 2156 1568 tam

439 1618 664 1663 miserum
682 1633 759 1662 me
775 1617 1034 1663 reddiderit
1050 1617 1244 1662 durities
1261 1626 1352 1670 tua,
1370 1626 1421 1663 ut
1437 1618 1557 1663 mori
1574 1633 1716 1671 quam
1733 1619 1854 1664 hanc
1884 1619 2157 1664 servitutem

438 1714 561 1758 ferre
593 1713 735 1758 satius
758 1713 988 1765 videatur,
1007 1721 1163 1758 tamen
1196 1713 1407 1758 resistam
1439 1722 1486 1758 et
1516 1713 1631 1766 quid
1663 1714 1943 1767 obsequium
1967 1729 2020 1759 ac
2043 1713 2159 1759 fides

438 1808 596 1862 possit,
614 1808 785 1853 iterum
801 1808 1060 1860 experiar”.
1094 1807 1274 1853 Carere
1305 1808 1443 1861 igitur
1474 1823 1723 1861 possumus
1754 1809 1855 1854 eius
1876 1810 2158 1855 coniectura.

441 1903 602 1948 Restat
632 1912 789 1949 tamen
821 1904 910 1948 alia
941 1902 1199 1948 difficultas.
1227 1903 1485 1955 Quomodo
1502 1880 1853 1957 interpretanda
1868 1913 1977 1949 sunt
1991 1904 2158 1950 verba:

440 2014 543 2044 nec
574 1999 705 2044 licet
736 1999 790 2043 in
823 1998 1013 2043 triviis
1045 1997 1171 2043 etc.?>
1189 1998 1521 2044 Lachmannus
1538 2000 1603 2044 sic
1620 2000 1833 2052 explicat:
1852 2015 1976 2053 „non
1993 2000 2161 2045 licebat

441 2094 688 2146 Propertio
726 2102 834 2138 ante
871 2093 995 2138 iores
1033 2093 1283 2145 excubare,
1322 2094 1433 2146 quia
1469 2109 1496 2138 a
1533 2103 1748 2147 praetore
1786 2103 1832 2139 et
1873 2095 2159 2148 custodibus,

440 2204 559 2242 quos
603 2189 679 2234 hic
721 2197 1002 2242 apposuerat
1045 2189 1222 2242 domui,
1253 2189 1633 2242 prohibebatur'’.
1658 2189 1750 2234 Sed
1790 2191 2030 2242 quomodo
2068 2190 2160 2236 dici

439 2294 591 2338 potest
622 2284 869 2338 Propertio
901 2299 997 2330 non
1028 2284 1214 2329 licuisse
1246 2284 1293 2329 in
1326 2284 1474 2329 triviis
1506 2284 1820 2337 requiescere,
1853 2285 1981 2337 quod
2011 2285 2160 2330 cuivis

441 2395 629 2433 semper
675 2381 803 2426 licuit
850 2389 897 2425 et
942 2379 1137 2425 licebit?
1182 2379 1229 2425 Si
1273 2383 1453 2433 poetae,
1496 2381 1623 2433 quod
1668 2381 1769 2425 vult
1814 2380 2160 2433 Lachmannus,

441 2477 600 2521 dicere
614 2477 661 2521 in
679 2476 836 2521 animo
852 2476 1015 2521 fuisset
1029 2475 1213 2520 disertis
1228 2475 1276 2520 id
1291 2475 1449 2520 verbis
1463 2489 1619 2527 neque
1634 2482 1726 2518 tam
1741 2474 1942 2519 obscure
1955 2474 2159 2519 dixisset.

442 2571 583 2616 Hanc
615 2571 676 2616 ob
708 2586 895 2616 causam
929 2586 1025 2616 non
1058 2570 1276 2624 intelligo,
1308 2585 1394 2615 cur
1424 2569 1670 2614 Vahlenus
1702 2578 1748 2614 et
1772 2569 2089 2614 Phillimorius
2112 2570 2159 2614 in

440 2665 535 2710 suis
567 2665 850 2711 editionibus
882 2680 994 2710 nec
1026 2665 1182 2710 licet
1214 2665 1439 2710 intactum
1471 2664 1760 2716 reliquerint.

443 2761 517 2806 Ex
573 2761 855 2806 coniecturis
910 2760 1159 2813 propositis
1217 2759 1593 2813 Hertzbergiana
1612 2757 1652 2817 1)
1684 2759 1976 2811 simplicitate
2007 2767 2159 2811 caret3

443 2855 698 2901 Ottoniana
739 2871 850 2901 nec
892 2856 1046 2900 licet
1088 2870 1175 2908 pro
1216 2869 1328 2900 nec
1369 2855 1531 2900 libet
1569 2854 1684 2899 mihi
1715 2854 1908 2907 quidem
1940 2855 2160 2908 languere

444 2950 646 2996 videtur.

443 3046 573 3098 Quid
605 3045 780 3099 igitur?
812 3045 938 3099 Lege
970 3060 1078 3090 cum
1112 3044 1357 3098 Beroaldo,
1389 3059 1534 3097 quem
1551 3044 1653 3089 iure
1670 3043 1880 3096 sequitur
1899 3043 2160 3096 Rothstein,

444 3157 474 3186 n
490 3157 607 3186 unc
649 3142 819 3186 licet.

445 3236 494 3281 N
510 3251 584 3281 un
598 3251 624 3281 c
666 3245 737 3281 ter
778 3236 1002 3289 deinceps
1044 3235 1294 3289 repetitum
1336 3250 1450 3280 vere
1499 3233 1857 3286 Propertianum
1905 3241 1986 3278 est.
2030 3232 2160 3278 Bene

360 3377 389 3423 ¹)
439 3381 647 3421 tran-ponit
685 3381 784 3415 enim
822 3381 982 3415 disticha
1022 3379 1077 3422 13,
1105 3379 1147 3413 14
1173 3386 1211 3414 et
1240 3379 1294 3421 15,
1323 3379 1365 3413 13
1391 3379 1488 3413 inter
1514 3389 1553 3413 ne
1579 3378 1761 3419 simulque
1788 3389 1854 3418 pro
1880 3378 2004 3412 licet
2030 3377 2160 3411 noi-ibit

312 3441 459 3475 inv-n
