2566 3886
312 1633 384 1678 47.

314 2110 386 2157 50.

315 2397 387 2442 52.

1102 262 1370 308 —188—

445 393 657 447 trachtigt
673 394 739 439 als
771 393 908 438 hebt:
941 394 1068 438 denn
1101 393 1207 438 dass
1239 393 1316 438 die
1348 392 1513 438 Gottin
1546 393 1685 438 einen
1714 393 1765 437 H
1783 393 1797 437 i
1817 401 1964 438 rten
1987 393 2158 447 geliebt

444 490 542 533 und
560 497 697 534 unter
715 488 945 534 Heerden
962 489 1060 533 ihm
1078 489 1391 542 heigewohnt,
1408 490 1491 533 das
1507 488 1566 533 ist
1582 503 1647 540 eS,
1663 503 1760 533 was
1775 489 1861 533 der
1870 488 1954 533 Ida
1965 489 2157 534 erzfihlt.

444 583 549 629 Aus
595 584 773 629 diesem
816 583 1017 629 Grunde
1048 585 1243 629 werden
1275 585 1456 629 sowohl
1487 585 1664 629 andere
1696 584 1839 628 altere
1869 583 2159 637 vorschlage

443 679 510 724 als
541 679 661 723 auch
693 679 779 723 der
810 687 1004 723 neueste
1035 694 1131 723 von
1165 678 1405 724 Baehrens
1436 694 1590 724 suum
1624 687 1903 732 pastorem
1934 677 2159 731 hinffinig:

445 774 572 819 denn
604 775 725 819 auch
756 774 857 818 dies
887 774 945 819 ist
962 774 1068 819 eine
1086 773 1410 827 Schwfichung
1432 774 1515 819 des
1532 773 1835 819 Gedankes.”
1853 772 2029 818 Omnia
2044 773 2161 818 haee

445 870 745 915 incommoda
757 870 934 915 evitare
951 879 1144 916 conatus
1160 885 1375 924 propono
1390 885 1401 914 z
1419 870 1663 924 „quamvis
1678 869 1762 914 Ida
1775 869 1913 914 etiam
1927 877 2160 922 pastorem

445 965 568 1010 dicat
614 966 837 1011 amasse”.
886 966 1066 1011 Parim
1098 981 1126 1010 a
1156 966 1415 1010 semidocto
1446 965 1651 1017 librario,
1682 965 1763 1019 qui
1795 965 1855 1009 de
1899 963 2082 1009 Paridis
2112 963 2160 1009 in

446 1061 532 1105 Ida
561 1061 735 1106 iudicio
765 1062 951 1115 legerat,
983 1061 1348 1115 suprascriptum
1377 1076 1494 1113 esse,
1517 1061 1645 1115 quod
1663 1060 1944 1105 vocabulum
1975 1059 2162 1104 etiam

430 1156 674 1210 expulerit,
707 1156 787 1200 vix
819 1165 888 1200 est
912 1157 1039 1210 quod
1071 1171 1290 1201 moneam
1308 1157 1379 1209 (cf.
1399 1156 1565 1201 Baehr.
1583 1156 1915 1209 prolegomena
1930 1153 2161 1206 editioniS,

444 1249 707 1309 XXVIII).
755 1251 982 1297 Ceterum
1030 1252 1180 1305 probo
1226 1252 1505 1297 Rothsteinii
1544 1251 1681 1296 huius
1712 1251 1801 1296 loci
1822 1248 1863 1308 l)
1893 1250 2163 1303 interpreta-

445 1346 636 1391 tionem.
681 1347 757 1391 De
803 1347 1020 1392 vocativo
1067 1362 1096 1392 o
1141 1347 1190 1392 V
1206 1363 1233 1392 e
1250 1363 1280 1391 n
1297 1363 1328 1392 u
1345 1362 1367 1392 s
1412 1362 1554 1392 versu
1586 1346 1643 1391 39
1674 1346 1847 1392 omisso
1878 1344 2164 1390 conferenda

446 1450 567 1494 sunt,
599 1457 720 1495 quae
751 1442 810 1487 ad
843 1442 905 1494 11,
940 1441 1009 1494 13,
1044 1442 1099 1487 16
1129 1443 1364 1488 adnotavi.

447 1632 595 1679 Hunc
626 1648 817 1679 versum
849 1649 958 1679 cum
992 1634 1194 1680 Heinsio
1226 1634 1291 1679 sic
1322 1634 1431 1687 legit
1461 1633 1745 1687 Postgatius:

449 1729 531 1783 qui
563 1730 744 1783 quaerit
774 1729 934 1775 Tatios
965 1739 1150 1775 veteres
1181 1731 1420 1784 durasque
1452 1728 1662 1781 Sabinas,
1694 1729 1751 1773 ci.
1772 1728 1895 1773 Hor.
1914 1727 2002 1781 Ep.
2019 1727 2062 1772 2.
2078 1725 2162 1780 393

447 1826 530 1870 sed
562 1826 623 1870 de
653 1825 762 1870 solis
793 1826 960 1879 puellis
990 1826 1067 1871 hic
1099 1827 1271 1880 agitur;
1303 1827 1404 1879 lege
1436 1826 1572 1879 igitur
1602 1840 1711 1870 cum
1743 1823 2031 1869 Schradero:

598 1921 679 1974 qui
710 1921 892 1975 quaerit
923 1922 1078 1967 Latias
1109 1930 1294 1967 veteres
1325 1922 1561 1975 durasque
1593 1919 1799 1966 Sabinas.

448 2111 543 2156 Pro
594 2112 902 2166 deligere
954 2128 1063 2158 cum
1123 2112 1396 2158 Burmanno
1445 2111 1765 2164 deripere
1809 2109 2058 2164 legendum
2104 2107 2164 2154 ef.

449 2207 571 2252 Hor.
605 2208 691 2261 Ep.
724 2207 766 2252 5.
798 2208 869 2253 46.

600 2399 677 2443 hic
709 2415 811 2444 mos
842 2399 1041 2445 Saturno
1072 2409 1215 2453 regna
1244 2408 1434 2444 tenente
1465 2398 1562 2450 fuit,

449 2502 495 2538 et
525 2508 633 2539 cum
667 2494 969 2540 Deucalionis
1000 2510 1149 2549 aquae
1180 2495 1358 2541 fluxere
1389 2509 1475 2547 per
1505 2493 1684 2545 orbem,

601 2598 648 2634 et
678 2599 782 2642 post
812 2591 1024 2645 antiquas
1055 2590 1359 2635 Deucalionis
1386 2603 1542 2643 aquas.

450 2685 527 2730 dic
558 2684 673 2729 mihi
705 2685 809 2739 quis
839 2686 988 2738 potuit
1019 2686 1191 2731 lectum
1223 2700 1413 2730 servare
1442 2684 1680 2738 pudicum,

601 2796 722 2834 quae
753 2781 843 2826 dea
873 2796 981 2826 cum
1013 2782 1113 2826 solo
1144 2781 1308 2826 vivere
1340 2781 1438 2826 sola
1469 2779 1597 2826 deo?

450 2876 526 2922 Sic
556 2878 712 2922 locum
744 2877 891 2922 edidit
921 2877 1254 2929 Phillimorius,
1285 2877 1369 2921 sed
1401 2877 1431 2921 d
1449 2876 1463 2921 i
1480 2891 1507 2921 c
1538 2875 1697 2920 mihi
1728 2889 1824 2928 eqs.
1848 2873 2004 2927 aliquo
2022 2873 2165 2918 modo

368 3045 394 3087 ι)
444 3046 622 3088 Postgntii
659 3048 934 3082 coniecturam:
968 3048 1159 3088 „quamvis
1184 3048 1258 3089 Ida,
1298 3047 1446 3087 Rhea,
1483 3053 1670 3087 pastorem
1696 3045 1796 3079 dieat
1821 3044 2001 3083 ποιεῖσθ’,
2025 3044 2071 3077 de
2096 3053 2167 3083 que

447 3108 610 3140 nondum
649 3107 794 3141 locutu·
832 3119 925 3148 sum,
958 3118 1092 3148 sperno
1119 3114 1314 3148 propterea
1338 3109 1434 3148 quod
1461 3106 1613 3147 quisque
1639 3111 1781 3139 textum
1806 3116 1827 3138 a
1851 3104 1933 3138 viro
1959 3101 2166 3137 oleri-eino

448 3166 691 3200 constitutum
741 3167 866 3208 legens
917 3167 949 3200 R
962 3168 986 3201 h
999 3179 1019 3201 e
1035 3179 1056 3201 a
1093 3178 1159 3207 pro
1199 3179 1223 3201 v
1236 3178 1258 3201 ο
1272 3177 1292 3200 c
1306 3178 1326 3200 a
1341 3174 1355 3200 t
1369 3167 1381 3200 i
1395 3179 1419 3201 v
1432 3177 1467 3207 ο,
1504 3177 1614 3199 nemo
1651 3171 1774 3198 nutem
1811 3174 1878 3204 pro
1917 3174 1934 3196 s
1947 3174 1970 3196 u
1985 3162 2007 3195 b
2021 3162 2033 3195 i
2046 3172 2067 3195 e
2080 3172 2100 3194 e
2114 3168 2129 3195 t
2142 3171 2165 3195 o

448 3225 654 3259 tententiae
703 3237 795 3259 nee
845 3226 1012 3260 minue
1062 3227 1111 3260 in
1161 3227 1312 3260 eaelo
1363 3237 1565 3266 semper
1602 3226 1828 3259 honesta
1864 3222 1967 3256 {uit
2004 3220 2166 3255 habebit.

450 3283 556 3323 Quae
581 3286 749 3325 exempla
774 3286 853 3325 ipse
880 3285 1089 3327 Postgatius
1115 3282 1260 3328 (AJPh.
1286 3281 1421 3326 XVII,
1447 3297 1480 3325 p.
1506 3280 1570 3326 41)
1594 3284 1713 3318 adfert
1750 3284 1794 3316 ed
1831 3283 1891 3322 hy
1907 3280 2166 3321 pon-baton

450 3343 730 3385 defendendum,
755 3345 854 3378 nulla
879 3345 1106 3379 obscuritate
1127 3345 1308 3385 laborant,
1333 3345 1379 3378 oi.
1406 3344 1496 3378 Luc.
1521 3344 1570 3384 V,
1596 3342 1690 3377 387:

605 3415 687 3444 que,
713 3404 783 3438 sibi
808 3415 855 3438 ne
879 3405 968 3438 ferri
993 3404 1049 3438 ius
1075 3404 1202 3444 ullum,
1228 3403 1379 3444 Caesar,
1404 3404 1563 3443 abes-et,

605 3462 792 3497 Antonine
815 3463 935 3498 voluit
959 3463 1089 3505 gladiio
1114 3463 1271 3497 miseere
1296 3473 1456 3497 eeeuree.
